4780 5746
1101 385 1155 457 ’13

239 631 351 700 notior
376 631 462 698 enim
482 635 635 721 Gortyne
665 632 743 698 urbs
771 641 805 696 et
824 651 912 719 quae
931 653 1005 696 cum
1025 630 1134 697 Oreta‘
1147 627 1279 695 solebat
1298 639 1365 694 uua
1383 630 1557 698 nominari.
1612 630 1715 705 Quod
1733 631 1762 698 si
1780 641 1874 698 recte
1891 627 2029 699 fecimus

241 736 375 805 Cretam
394 735 482 806 illam
501 734 721 821 ἑκατόμπολιν
740 735 880 801 alienam
901 756 977 801 esse
996 734 1038 800 ab
1058 731 1218 800 hocloco
1239 731 1312 820 quis
1331 734 1533 822 negaueritt
1587 734 1748 824 Sequitur
1766 734 1925 802 Methone

802 882 900 956 Quae
919 879 981 947 sub
1001 878 1141 948 Oetaeis
1159 878 1328 946 latebrosa
1347 878 1437 945 siluis

804 983 894 1052 Misit
911 983 1052 1050 infestos
1070 981 1196 1050 'l'roiae
1215 981 1318 1048 ruinis

958 1087 1052 1152 Non
1072 1084 1209 1153 semel
1227 1107 1336 1152 arcus.

412 1224 477 1292 rid.
501 1225 583 1292 Tro.
606 1225 677 1293 133
698 1247 747 1324 sq.
801 1225 927 1313 Accipe
947 1226 1056 1306 fletus,
1075 1223 1137 1289 bis
1156 1236 1254 1312 capta
1273 1245 1388 1290 senex.

802 1327 859 1396 Nil
879 1327 985 1394 Troia
1004 1324 1108 1393 semel
1126 1339 1160 1392 te
1178 1348 1263 1416 rege
1280 1325 1367 1392 tulit.

803 1431 875 1498 Bis
895 1430 1026 1520 pulsata
1043 1428 1204 1496 Dardana
1222 1429 1327 1495 Graio

805 1534 937 1600 Moenia
955 1530 1045 1601 ferro
1064 1530 1204 1622 bisque
1223 1533 1397 1622 pharetras

803 1635 909 1704 Passa
927 1635 1129 1704 Herculeas.

395 1783 431 1840 et
449 1777 565 1864 Agam.
587 1796 621 1842 u.
642 1775 716 1841 614
797 1776 966 1854 Rursus
985 1771 1108 1864 (codd.
1127 1784 1164 1841 ut
1181 1769 1371 1880 quondam)
1391 1769 1565 1839 Herculea
1584 1768 1707 1837 cecidit
1724 1765 1882 1859 pharetra

395 1923 430 1976 et
447 1907 569 1976 ibidem
589 1931 621 1976 u.
642 1911 716 1978 862
798 1911 853 1977 'l'e
872 1911 958 1978 duce
978 1908 1135 2002 (Alcida)
1154 1909 1299 1976 succidit
1318 1908 1464 1976 Mendax
1482 1905 1675 1975 Dardaniae
1695 1907 1812 1974 domus
1860 1907 1909 1974 Et
1926 1909 2030 1974 sensit

921 2036 1020 2080 arcus
1041 2018 1159 2079 iterum
1177 2013 1346 2079 timendos.

243 2151 298 2220 Ex
324 2150 445 2241 quibus
470 2145 665 2240 intelligitur
689 2172 752 2216 non
775 2153 876 2218 semel
898 2173 963 2217 non
991 2150 1034 2216 ad
1061 2151 1153 2218 mr'as‘t
1175 2149 1356 2240 pertinere,
1387 2147 1449 2216 sed
1476 2171 1550 2214 cum
1568 2147 1709 2232 a'nsestoa
1728 2169 1803 2214 esse
1823 2147 2031 2239 coniungen-

245 2254 335 2323 dum.
391 2251 603 2321 Philoctetae
628 2257 740 2321 autem
766 2251 905 2344 patriam
933 2253 1130 2323 Meliboeam
1149 2253 1347 2345 Magnesiae
1373 2253 1488 2320 urbem
1516 2273 1582 2319 non
1608 2273 1770 2341 expresso
1796 2251 1929 2318 nomine
1954 2265 2032 2342 post

242 2359 434 2426 Methonam
460 2355 590 2423 laudari
615 2368 822 2447 putauerunt
846 2357 1004 2425 editores.
1072 2361 1196 2426 Verum
1223 2357 1288 2425 hoc
1314 2381 1425 2446 neque
1451 2379 1526 2423 cum
1553 2355 1726 2445 scriptoris
1753 2378 1847 2421 more
1873 2355 2031 2423 conuenit

245 2463 301 2552 qui
327 2483 495 2549 nunquam
525 2459 748 2528 describendo
774 2471 903 2528 tantum
929 2462 1097 2551 significat
1119 2461 1195 2530 loca
1222 2475 1255 2528 et
1279 2462 1416 2528 alteram
1439 2483 1577 2549 quoque
1595 2459 1767 2548 stropham
1786 2459 1913 2526 Peliaci
1932 2460 2029 2549 regni

246 2565 473 2655 descriptione
500 2565 625 2653 primae
651 2564 789 2632 similem
809 2565 888 2631 iecit
907 2577 941 2631 et
960 2566 1053 2653 quasi
1072 2566 1168 2633 iussit
1185 2565 1407 2654 respondere,
1440 2587 1543 2652 quum
1561 2563 1719 2631 Herculis
1738 2563 1815 2646 illic,
1847 2562 1900 2628 hic
1919 2562 2028 2629 Achil-

244 2669 284 2732 lis
304 2667 444 2732 heroum
463 2666 590 2731 Troiae
615 2664 761 2732 fatalium
786 2667 819 2733 in
846 2667 929 2733 urbe
956 2669 1141 2735 euertenda
1165 2681 1279 2759 partes
1306 2669 1463 2759 explicet,
1496 2691 1560 2735 nec
1585 2689 1660 2734 cum
1688 2665 1800 2733 uerbis
1825 2665 1921 2754 ipsis;
1957 2687 2030 2733 nam

246 2769 414 2837 Meliboea
441 2789 505 2833 non
532 2766 575 2833 ad
601 2771 732 2851 Oetam,
764 2769 826 2837 sed
852 2771 914 2836 sub
934 2770 1020 2836 Ossa
1048 2770 1110 2836 sita
1138 2781 1189 2838 est
1214 2794 1278 2837 ooo
1300 2769 1415 2860 procul
1442 2771 1570 2836 amari.
1633 2768 1776 2837 Accedit
1800 2759 1892 2857 quod
1918 2769 2030 2835 uerbis

244 2869 335 2939 hisce
358 2873 418 2938 sud
444 2874 578 2939 Oetaeis
602 2875 766 2940 latebroso
791 2877 888 2940 siluis
917 2872 1021 2939 solam
1047 2871 1214 2941 'Prachina
1249 2883 1384 2962 poterat
1407 2872 1566 2940 indicare.
1627 2894 1700 2938 nam
1721 2872 1772 2938 'ad
1799 2871 1968 2938 'l'rachina
1997 2873 2029 2938 in

244 2978 332 3043 Oeta
358 2985 472 3041 monte
495 2975 666 3041 Hercules
684 2975 907 3058 Philoctetae,
938 2977 1011 3043 siue
1036 2977 1063 3042 is
1087 2979 1197 3044 Poeas
1225 2988 1321 3066 pater
1339 2976 1551 3044 Philoctetae
1576 2985 1661 3059 erat,
1694 2997 1807 3042 arcum
1832 2970 2028 3042 tradiderat.

239 3067 305 3147 sed
332 3073 375 3145 de
393 3075 561 3144 Trachine
592 3077 673 3143 satis
707 3101 808 3168 snpra
834 3080 937 3144 uerba
962 3076 1044 3145 fecit
1068 3077 1210 3146 chorus
1261 3079 1465 3147 Necessario
1492 3079 1597 3170 igitur
1619 3077 1795 3146 relatiuam
1821 3077 2031 3148 enunciatum

244 3205 319 3250 cum
338 3178 496 3248 Methone
515 3179 734 3270 iungendum,
767 3205 836 3249 rem
855 3194 967 3249 autem
985 3179 1031 3249 ita
1051 3182 1300 3272 explicabimus,
1334 3195 1370 3249 ut
1389 3205 1490 3271 quum
1509 3185 1681 3250 Homerus
1702 3182 1744 3248 de
1763 3181 1899 3249 urbibus
1918 3182 1950 3248 in
1969 3182 2031 3248 bac

243 3284 441 3354 Thessaliae
474 3295 571 3374 parte
603 3285 673 3353 sitis
707 3284 796 3353 dieat
825 3291 892 3352 τῶν
924 3289 959 3353 δὲ
987 3285 1182 3373 Φιλοκτήτης
1212 3281 1309 3373 ἦρχεν
1332 3285 1436 3368 τόξων
1460 3282 1495 3354 sd
1519 3288 1611 3363 sidcis
1641 3297 1676 3352 et
1702 3285 1859 3351 Methone
1886 3293 1921 3350 et
1947 3307 2030 3372 quas

242 3388 323 3455 alias
351 3387 499 3455 nominet
525 3409 635 3475 aeque
659 3409 757 3454 arcus
785 3387 858 3454 illos
885 3387 1013 3455 misisse
1039 3387 1103 3454 dici
1121 3389 1280 3479 potuerit.
1336 3391 1447 3463 Quum
1476 3401 1588 3455 autam
1613 3384 1775 3454 Methone
1801 3398 1838 3453 ut
1864 3387 2030 3455 Meliboea

242 3516 310 3559 uon
343 3492 403 3559 sub
429 3487 568 3558 Oetaeis
600 3489 712 3574 siluis,
744 3486 804 3558 sed
830 3490 892 3557 snb
921 3490 1058 3559 Ossaeis
1084 3491 1222 3580 rupibus
1248 3493 1311 3558 sita
1337 3491 1398 3574 sit,
1435 3489 1686 3558 rescribendum
1713 3490 1776 3557 erit
1801 3493 1937 3558 Ossaeis
1962 3510 2029 3579 quo

245 3593 413 3663 adiectiuo
448 3593 498 3661 usi
522 3605 602 3661 sunt
623 3592 794 3684 Vergilius
820 3594 946 3663 Statius
972 3593 1128 3662 Lucanus
1149 3591 1296 3662 Valerius
1314 3593 1469 3662 Flaccus.

346 3725 416 3790 Iam
439 3721 468 3788 si
493 3723 669 3791 alteram
693 3724 865 3813 stropham
895 3724 1137 3808 examinamus,
1171 3746 1289 3791 uersus
1309 3723 1364 3812 qui
1382 3722 1467 3791 inter
1485 3721 1645 3812 strophae
1664 3722 1789 3810 primae
1808 3721 1907 3788 finem
1927 3733 2029 3810 atque

241 3829 338 3919 regni
357 3823 498 3894 Prothoi
524 3827 725 3893 mentionem
745 3838 824 3894 sunt
841 3828 1044 3918 interpositi,
1072 3826 1222 3894 huonon
1241 3827 1411 3917 pertinere
1431 3827 1592 3893 uidemus.
1648 3821 1728 3914 quid
1749 3825 1833 3891 enim
1853 3848 2030 3892 commune

241 3932 366 3998 habent
391 3930 538 3997 Pleuron
566 3942 599 3995 et
623 3931 801 3996 Troezene
833 3955 908 3997 enm
936 3929 1094 3998 Methone
1130 3942 1165 3999 et
1195 3954 1270 3999 cum
1297 3930 1475 3996 Prothoot
1527 3928 1659 3996 Eadem
1685 3927 1849 3996 dubitatio
1874 3926 2029 3995 uersibus

243 4033 446 4104 848-853
466 4033 610 4100 affertur
627 4033 684 4099 nbi
702 4045 781 4123 post
800 4032 1010 4122 Calydonem
1029 4033 1181 4102 Aetoliae
1201 4036 1327 4117 urbem,
1351 4046 1429 4100 ante
1448 4035 1576 4101 Bessan
1597 4044 1630 4100 et
1649 4032 1820 4123 Scarphen
1840 4029 2028 4100 Locrorum

243 4138 343 4206 urbes
369 4136 477 4227 posita
503 4145 556 4204 est
576 4133 775 4203 'l'hessaliae
801 4139 921 4204 iterum
949 4139 1046 4229 regio
1066 4137 1242 4206 'Pitarcsus
1273 4160 1372 4226 quam
1398 4132 1579 4229 perfundit.
1640 4141 1682 4205 ht
1708 4158 1790 4203 ecee
1815 4157 1916 4222 quam
1941 4133 2028 4201 bene

244 4241 354 4307 omnia
374 4239 509 4322 cedunt,
528 4240 554 4306 si
574 4249 799 4307 commutasse
818 4239 928 4310 locum
946 4244 1029 4308 istos
1049 4263 1168 4310 uersus
1189 4241 1345 4309 dicimus:

405 4428 457 4444 -
509 4430 562 4445 ·-
613 4431 665 4446 -
718 4433 769 4446 -
824 4436 870 4446 -·
926 4435 977 4449 -
1021 4433 1073 4450 -
1102 4446 1110 4465 .
1140 4447 1149 4464 .
1178 4449 1186 4466 .
1216 4399 1290 4466 848
1327 4398 1395 4463 Aut
1412 4394 1484 4461 iera
1504 4405 1616 4460 notam
1635 4391 1811 4484 Calydona
1830 4413 1933 4458 saeua

298 4499 392 4568 829·
412 4495 541 4565 Olenos
560 4498 658 4566 tectis
677 4497 827 4565 habitata
846 4501 928 4566 raris
952 4547 1187 4568 .......
1216 4502 1291 4568 stu
1326 4502 1481 4586 Quasque
1494 4495 1673 4586 persuadit
1690 4496 1859 4562 subiturus
1878 4515 1998 4580 aequor

296 4603 371 4670 830
411 4600 555 4692 Virginis
573 4601 725 4669 Pleuron
744 4602 875 4670 inimica
894 4602 994 4669 diuae
1022 4649 1184 4673 .....
1214 4605 1288 4673 850
1324 4602 1486 4690 segnibus
1504 4608 1613 4668 terrea
1633 4600 1804 4667 Titaresos
1822 4595 1920 4664 undis

297 4703 369 4773 831
411 4701 480 4795 (An
500 4703 599 4772 maris
617 4703 675 4772 lati
694 4705 829 4773 sinuosa
849 4707 1028 4797 Troezen)
1056 4753 1102 4774 ..
1138 4756 1181 4776 ..
1212 4708 1283 4776 851
1323 4705 1451 4773 Bessan
1468 4715 1503 4774 et
1517 4700 1689 4792 Scarphen
1706 4702 1815 4792 Pylon
1835 4723 1876 4767 an
1891 4697 2028 4767 senilem

286 4805 371 4876 '832
409 4809 524 4876 Pelion
542 4831 676 4897 regnum
694 4812 837 4878 Prothoi
850 4811 1024 4897 superbum
1053 4858 1060 4877 .
1093 4861 1101 4880 .

242 4945 442 5015 Thessaliae
460 4944 515 5013 hic
532 4947 703 5038 regiones,
727 4947 881 5016 Aetoliae
897 4948 963 5015 illic
981 4960 1244 5042 congregantur.
