4780 5746
1176 386 1198 450 5

401 626 451 717 (l)
486 625 677 693 Discedunt
702 624 825 692 deinde
852 623 945 691 deu.
968 627 1041 692 855
1069 621 1443 691 'l'roadurnfschmidtii
1472 633 1507 689 et
1532 623 1685 690 Muelleri
1709 626 1907 708 sententiae,
1941 648 2084 713 quorum

298 732 383 797 alter
409 755 439 819 p.
470 731 515 798 13
549 735 606 795 cui
635 753 767 820 semper
797 753 871 795 esse
903 728 1164 816 monosyllabum
1197 725 1388 809 contendit,
1422 726 1508 793 alter
1533 752 1566 817 p.
1595 729 1667 794 269
1723 729 1891 795 quenalis
1926 727 2000 820 (ΙΙΙ
2034 731 2082 796 49

297 835 362 902 Vll
383 832 478 924 all)
507 833 666 900 Martialis
686 833 795 924 (opud
815 855 913 921 quern
935 845 1054 920 quater
1073 831 1199 921 legitur
1226 831 1297 898 cui
1320 830 1450 896 duabus
1470 830 1625 922 syllabis)
1663 832 1761 898 Statii
1780 831 1850 921 (bis
1877 832 1973 899 huic
2000 833 2083 899 dua-

296 940 361 1006 bus
379 937 473 1028 syll.)
494 937 647 1004 uersibus
674 937 801 1003 duabus
829 935 963 1024 syllabis
989 943 1046 1000 cm·
1068 936 1282 1024 pronunciari
1308 957 1410 1021 posse
1438 933 1529 1001 dicit.
1585 934 1781 1002 Addendum
1807 950 1880 1002 erat
1905 941 1920 1001 ι’
1940 935 2023 1002 illud
2043 938 2083 1002 ab

285 1042 430 1132 ,origine
455 1041 635 1129 simplicem
661 1063 721 1131 per
748 1064 785 1107 se
811 1040 914 1106 luisse
941 1039 1111 1120 uocalern‚
1144 1039 1206 1105 sed
1231 1049 1351 1127 postea
1370 1061 1445 1105 cum
1471 1062 1492 1104 a
1516 1038 1769 1127 pronunciando
1789 1041 1819 1104 in
1841 1038 2084 1131 diphthongum

299 1145 478 1228 coaluisse,
508 1140 585 1211 nihil
604 1145 707 1235 igitur
726 1146 874 1224 obstare,
901 1167 1003 1231 quum
1024 1156 1058 1211 et
1077 1144 1273 1232 posterioris
1293 1143 1452 1230 temporis
1471 1154 1644 1230 praestent
1662 1143 1824 1232 exempla,
1857 1146 2032 1232 quominus
2051 1144 2082 1210 in

297 1248 471 1316 'l'roadum
491 1271 591 1316 uersu
610 1250 641 1314 in
662 1250 805 1338 priorem
827 1247 967 1314 rediisse
985 1260 1106 1313 statum
1125 1257 1289 1335 putemus.
1342 1247 1446 1312 Errat
1463 1259 1572 1312 autern
1592 1246 1744 1330 Mueller,
1763 1249 1791 1312 si
1810 1247 1909 1314 etiam
1927 1251 1992 1338 Ag.
2012 1249 2083 1314 146

299 1360 356 1420 cur'
378 1353 573 1441 disyllabum
602 1377 676 1418 esse
701 1350 876 1418 contendit
905 1363 939 1417 et
965 1350 1042 1416 elidi
1071 1351 1222 1418 uocalem
1249 1358 1262 1416 i
1287 1363 1364 1415 ante
1389 1373 1510 1416 uocem
1536 1373 1624 1438 quae
1651 1363 1703 1416 est
1729 1353 1855 1418 altimo.
1910 1351 2015 1417 Immo
2042 1375 2084 1418 ne

299 1480 436 1545 prorsus
462 1455 656 1523 debilitetur
683 1479 748 1522 uox
775 1455 840 1522 hoo
865 1455 941 1521 loco
968 1454 1066 1542 plena
1094 1454 1304 1544 diphthongo
1323 1455 1533 1521 enunciatum
1554 1455 1629 1520 mihi
1650 1452 1785 1520 uidetur
1803 1477 1822 1519 a
1840 1457 2001 1521 Romanis
2020 1455 2083 1521 sic:

299 1555 369 1627 cui
389 1560 501 1628 ultima
521 1573 573 1626 est
591 1559 734 1642 lortuna,
755 1560 835 1649 quid
856 1557 988 1625 dubiam
1009 1558 1127 1624 timet?

404 1700 463 1790 (e)
502 1701 643 1767 Restant
667 1722 783 1765 uersus
812 1699 842 1763 ei
866 1699 897 1763 in
924 1697 1044 1785 quibus
1066 1699 1169 1764 Troia
1194 1697 1240 1765 ita
1259 1697 1405 1785 positum
1424 1709 1494 1779 est,
1530 1710 1565 1762 ut
1585 1698 1646 1762 uisi
1665 1698 1770 1765 tribus
1788 1696 1922 1784 syllabis
1943 1708 2085 1779 constet,

300 1827 418 1870 uersus
444 1803 486 1870 sit
505 1802 652 1869 claudus.
706 1804 783 1870 Non
811 1825 852 1868 eo
879 1803 1047 1890 pertinent
1072 1800 1157 1868 haec
1184 1799 1337 1889 exempla
1369 1800 1659 1888 quoSehmidtios
1686 1801 1800 1890 posuit
1825 1825 1855 1888 p.
1884 1803 1942 1866 16.
1998 1802 2084 1868 Nam

297 1908 329 1973 in
348 1909 474 1974 'l'roiae
493 1909 624 1972 nomine
643 1912 658 1970 ι’
677 1906 718 1972 ab
739 1906 870 1995 origine
889 1929 955 1971 non
976 1917 1029 1971 est
1047 1927 1247 1987 consonans,
1267 1902 1327 1969 sed
1348 1903 1474 1971 uocalis
1494 1928 1578 1992 quae
1598 1905 1698 1971 modo
1719 1927 1835 1993 perse
1854 1915 1988 1991 poterat
2007 1925 2084 1992 pro-

299 2010 459 2092 nunciari,
479 2009 579 2077 modo
600 2033 711 2076 cumo
735 2009 961 2098 praecedente
983 2008 1226 2098 diphthongum
1247 2004 1395 2074 allicere.
1432 2007 1522 2074 Nihil
1540 2009 1644 2098 igitur
1662 2008 1839 2097 impediret
1858 2008 2034 2094 quominus
2052 2006 2084 2071 in

299 2115 473 2182 Troadum
493 2138 525 2180 u.
545 2115 619 2181 419
641 2113 746 2202 qualis
766 2114 866 2180 estin
887 2111 1032 2202 uolgatis

795 2235 895 2301 Tunc
915 2235 1034 2299 obruta
1053 2243 1156 2320 atque
1175 2254 1295 2298 euersa
1316 2233 1418 2298 Troia
1438 2231 1586 2298 concidit

299 2376 373 2420 curn
395 2353 535 2419 Daniele
555 2355 694 2421 Heinsio
714 2355 817 2420 'freta
836 2353 1054 2439 τρισυλλάβως
1073 2353 1264 2443 legeremus
1288 2376 1353 2434 „ne
1379 2354 1409 2419 in
1430 2376 1508 2419 suas
1529 2363 1650 2441 peccet
1668 2351 1763 2441 leges
1783 2354 1948 2434 Seneca‘·,
1973 2351 2033 2416 nisi
2052 2350 2083 2416 in

299 2459 446 2523 Etrusco
474 2470 564 2524 esset
588 2459 798 2544 qaodcunque
817 2458 951 2525 accidit.
1007 2452 1076 2523 Sed
1097 2457 1235 2524 alteram
1254 2457 1286 2522 in
1306 2458 1428 2523 nostris
1449 2457 1601 2523 uersibus
1621 2453 1769 2522 adhibuit
1788 2469 1886 2544 poeta
1907 2455 2084 2536 licentiam,

299 2573 335 2625 ut
354 2561 539 2648 corriperet
559 2563 656 2626 etiam
676 2576 791 2627 contra
813 2584 907 2626 usum
926 2588 943 2625 o
963 2562 1126 2642 occultem,
1146 2560 1241 2626 cuius
1260 2561 1309 2626 rei
1330 2561 1459 2626 ueniam
1480 2584 1520 2627 ex
1540 2557 1666 2652 graeca
1686 2584 1770 2626 uoce
1786 2561 1886 2646 Τροία
1905 2559 2085 2646 sumpsisse

300 2664 434 2729 uidetur
450 2659 488 2750 ¹).
2073 2679 2075 2685 '

401 2783 575 2848 Accedunt
595 2783 668 2848 alia.
726 2783 857 2849 Minime
886 2795 937 2848 est
963 2781 1122 2848 credibile
1151 2794 1357 2848 contractum
1377 2783 1544 2869 dactylum
1566 2806 1727 2870 nusquam
1748 2783 1926 2849 adhibitum
1948 2805 2086 2870 usurpa-

297 2900 366 2952 tum
394 2886 496 2953 luisse
522 2910 540 2950 a
566 2898 667 2974 poeta
687 2887 839 2952 uersibus·
869 2885 999 2952 duobus
1029 2909 1103 2952 sese
1129 2886 1238 2953 statim
1265 2885 1503 2973 excipientibus
1524 2885 1622 2964 (Tro.
1644 2889 1718 2952 855
1741 2889 1813 2952 856
1841 2886 2084 2971 cuicunque

301 2991 485 3078 Troiae)
514 3012 624 3076 neque
643 2991 741 3055 etiarn
761 2988 907 3056 solutum
928 2989 1030 3054 luisse
1050 2991 1099 3055 bis
1125 2990 1156 3054 in
1177 2989 1309 3055 duobus
1336 2990 1589 3077 insequentibus
1616 2990 1763 3055 uersibus
1789 2989 1976 3078 spondeum
2005 3013 2084 3054 nrrn·

298 3116 396 3181 quarn
415 3093 690 3182 solutumtflipp.
704 3095 776 3159 286
790 3095 863 3160 ‘288
884 3094 1129 3180 Hesperias,
1148 3091 1424 3183 Parrhasiae)
1443 3093 1565 3159 uiolato
1586 3094 1694 3160 statim
1715 3092 1817 3160 altera
1837 3093 1891 3158 illa
1910 3093 2101 3181 sappbico-¹

297 3220 368 3262 rum
390 3197 466 3286 lege
488 3195 620 3282 (usi-87
643 3197 867 3286 subiecta).
896 3197 973 3262 Non
994 3209 1103 3262 tamen
1123 3207 1238 3261 tacere
1258 3195 1337 3260 uolo
1358 3197 1487 3262 cautius
1507 3195 1549 3262 de
1569 3197 1618 3262 his
1640 3198 1790 3263 uersibus
1811 3196 1916 3263 uideri
1936 3197 2084 3261 iudican-

299 3299 386 3382 dum,
412 3322 513 3386 quum
534 3298 681 3365 nondum
701 3302 744 3366 sit
762 3302 842 3366 satis
862 3301 1071 3387 exploratum
1091 3323 1177 3387 quae
1206 3299 1395 3366 intercedat
1412 3301 1498 3368 inter
1513 3301 1693 3367 Etruscum
1714 3300 1864 3367 codicem
1886 3312 1920 3365 et
1936 3300 2084 3388 uulgaris

297 3405 397 3470 libros
413 3403 589 3470 diuersitas
605 3426 747 3488 quaene
761 3403 826 3468 hoc
842 3402 974 3491 quidem
991 3403 1067 3468 loco
1086 3404 1148 3468 erit
1163 3403 1388 3491 neglegenda.
1418 3404 1561 3494 Legitur
1578 3406 1661 3470 enim
1678 3405 1707 3468 in
1726 3405 1920 3493 uulgaribus
1937 3403 2025 3468 libris
2035 3397 2083 3494 ¹2J:

834 3525 996 3610 Quaeque
1017 3521 1059 3588 ad
1079 3547 1213 3588 «occasus
1231 3522 1319 3588 iacet
1338 3547 1395 3589 ora
1414 3547 1503 3590 eccos

724 3657 774 3708 et:
830 3645 864 3709 Si
886 3667 951 3730 qua
972 3650 1106 3709 mnrbrr's
1125 3642 1274 3733 glacialis
1296 3666 1393 3709 ursae

296 3764 402 3853 possit
421 3763 518 3830 etiam
541 3765 770 3852 Hesperios
790 3776 903 3830 natum
923 3789 998 3831 esse
1018 3788 1037 3830 e
1058 3788 1144 3830 uoce
1163 3771 1338 3828 extremos.

401 3883 546 3950 Grauius
570 3897 800 3972 argumentum
826 3899 877 3952 est
905 3885 996 3972 quod
1025 3881 1166 3950 Mueller
1193 3897 1285 3952 recte
1311 3883 1392 3950 dicit
1420 3886 1585 3952 Senecam
1622 3884 1772 3971 aliosque
1799 3883 1975 3949 latinorum
2008 3897 2084 3970 post

294 3989 474 4055 Horatium
501 4002 675 4076 poetarum
704 3988 809 4054 minus
838 3989 898 4053 sihi
924 3988 1114 4075 permisisse
1142 4011 1240 4076 quarn
1267 3991 1375 4078 ipsum
1401 3989 1579 4055 Horatium
1614 3987 1677 4075 (cl.
1706 3987 1747 4052 de
1772 3987 1982 4053 seuerissima
2008 3987 2082 4052 lima

386 4257 409 4340 ¹)
432 4263 467 4321 cl.
491 4263 595 4334 lioeper
616 4263 642 4318 in
665 4262 805 4336 Philologo
828 4262 911 4318 lllllll
935 4258 1045 4340 (1861)
1069 4281 1096 4335 p.
1119 4257 1198 4318 363:
1238 4262 1315 4331 „oie
1338 4263 1478 4333 arrssdsuug
1500 4263 1594 4318 Troiae
1617 4263 1661 4316 hat
1684 4261 1740 4315 ihre
1763 4261 1884 4332 analogia
1909 4262 1933 4316 in
1957 4263 2007 4317 den
2032 4263 2083 4318 be-

296 4351 410 4405 lmunteu
434 4350 512 4404 Caius
535 4349 586 4403 und
610 4349 724 4418 habola,
753 4347 839 4404 sowie
863 4348 887 4403 in
911 4349 963 4403 den
986 4365 1037 4403 rou
1068 4347 1117 4403 mir
1140 4347 1215 4402 Varr.
1240 4347 1348 4404 Eumen.
1373 4348 1396 4402 ll
1418 4365 1444 4419 p,
1469 4343 1508 4402 37
1539 4346 1779 4417 unchgewiesenen
1809 4349 1887 4400 Seius
1916 4349 1967 4402 unrl
1996 4355 2081 4418 peirrs.

296 4435 344 4490 Die
368 4435 446 4505 linge
469 4434 516 4488 der
538 4439 627 4487 ersten
651 4432 719 4486 silbe
743 4434 842 4488 erklart
864 4433 921 4487 sich
945 4433 1089 4504 geniigend
1112 4449 1159 4487 aus
1181 4433 1230 4488 der
1252 4434 1334 4488 durch
1359 4432 1403 4488 die
1426 4432 1588 4503 schreibung
1609 4430 1695 4487 Troilo
1718 4431 1886 4486 heltrudetcu
1910 4434 2081 4504 nussprache,

296 4523 366 4576 ohne
395 4519 457 4574 dass
487 4535 544 4572 man
572 4534 603 4571 au
634 4517 693 4572 clear
723 4517 908 4589 pindarlsohen
934 4518 1028 4586 'l'oolo
1051 4518 1126 4572 seina
1149 4518 1265 4573 zussucht
1287 4535 1319 4572 zu
1342 4519 1454 4572 nehmen
1478 4518 1620 4584 branchia,
1654 4517 1779 4588 ohgleiclr
1804 4518 1869 4570 auch
1893 4517 1941 4574 dec
1964 4519 2081 4573 ramstand

297 4608 389 4664 schoa.
413 4603 475 4657 dass
498 4620 555 4657 marr
579 4602 652 4658 nicht
666 4604 751 4659 Troea
773 4603 889 4658 sondern
913 4602 989 4658 Troia
1012 4609 1100 4674 segle,
1124 4603 1167 4657 ein
1189 4603 1377 4674 tihergewicht
1399 4603 1447 4656 des
1463 4601 1591 4658 O·laules
1614 4603 1738 4672 hezengt.
1760 4631 1795 4642 —
1818 4603 1920 4656 Seneca
1942 4603 2002 4657 Tro.
2020 4599 2083 4657 824

297 4685 358 4744 illiti
388 4689 413 4743 in
441 4688 534 4760 sappb.
557 4687 707 4745 hendecas.
732 4689 826 4744 Troiae
856 4688 961 4744 sclreint
990 4688 1049 4743 eine
1079 4687 1257 4759 gracisriscne
1286 4705 1438 4759 neaerung‚
1476 4688 1579 4744 u'olern
1609 4704 1638 4744 er
1666 4687 1723 4742 siclt
1748 4687 1820 4741 nicht
1843 4687 1944 4742 erlauht
1967 4689 2019 4753 hat,
2043 4687 2084 4742 liic

296 4777 347 4827 cleu
375 4773 497 4842 dactylus
526 4773 591 4846 (wie
619 4772 712 4827 Catuli.
730 4769 785 4848 tv)
810 4775 860 4828 den
884 4773 1020 4846 spondeus
1043 4791 1075 4828 zu
1098 4774 1278 4845 gebrauchen.
1325 4775 1393 4828 clenn
1417 4775 1483 4828 arrclr
1507 4791 1532 4830 v.
1556 4770 1618 4830 855
1644 4777 1799 4843 cuicumque
1822 4777 1907 4826 terrae
1930 4773 2016 4827 ‹litrlte
2040 4772 2081 4826 ein

292 4858 466 4930 ciensilhiges
489 4859 635 4930 cuicunque
658 4859 728 4912 ohne
751 4860 848 4914 alteras
871 4857 982 4930 heispiel
1007 4856 1095 4914 sein.“
1119 4865 1143 4916 .'

384 4971 413 5056 2)
437 4977 614 5050 llesperias
628 5019 633 5034 .
647 5018 654 5031 .
670 5017 674 5031 .
690 4985 790 5033 metas
815 4978 950 5047 Etruscus,
975 4978 1124 5048 llelisseus,
1148 4977 1208 5050 biga
1232 4976 1415 5035 Palatinocum.
1446 4976 1636 5032 Parrhasiae
1659 4975 1745 5031 nullus
1761 4974 1933 5031 Palatinorum
1950 4975 2080 5030 codicum.
