4780 5746
299 1791 425 1892 Matre
446 1846 486 1891 ea
505 1845 592 1912 quae
610 1823 717 1890 minus
736 1822 778 1888 ad
798 1845 866 1889 rem
886 1837 1032 1890 nostram
1052 1825 1231 1912 pertinent,
1262 1825 1438 1892 iambicum
1465 1827 1649 1894 trimetrum
1677 1840 1712 1893 et
1736 1841 1949 1917 anapaestos,
1988 1832 2086 1896 omit-

299 1939 409 1996 tentes
433 1927 696 1995 Horatianorum
723 1927 863 2014 primum
891 1940 1070 1994 metrorum
1097 1929 1213 2016 quales
1240 1930 1305 1995 sint
1330 1929 1420 2020 apud
1442 1933 1606 1998 Senecam
1635 1931 1779 1998 rationes
1809 1931 1981 2000 uideamus
2001 1932 2084 2026 (cir.

299 2032 339 2099 B.
354 2030 508 2100 Schmidt
526 2053 557 2099 c.
572 2030 653 2096 Vlll
671 2031 913 2120 put-73).
967 2033 1054 2098 Sunt
1073 2044 1184 2098 autem
1204 2032 1399 2121 sapphicum
1419 2033 1735 2123 hendecasyllabum
1755 2057 1829 2102 cum
1850 2035 1984 2112 adonio,
2008 2038 2084 2127 gly-

300 2158 443 2204 coneum
476 2157 551 2203 cum
586 2134 826 2222 pherecrateo,
863 2133 1113 2223 asclepiadeum
1139 2139 1290 2224 primum.
1351 2137 1567 2204 iambicorum
1601 2137 1725 2205 deinde
1756 2150 1790 2206 et
1823 2140 2082 2218 trochaicorum.

298 2253 469 2328 postremo
488 2238 725 2305 alcmaniorum
746 2259 904 2304 uersuum
925 2251 959 2304 et
978 2240 1246 2306 hexametrorum
1266 2241 1360 2307 breui
1381 2241 1655 2330 perlustrabimus
1675 2241 1910 2310 conditionem.

1167 2481 1211 2560 Ι.

403 2655 451 2721 Et
481 2655 639 2740 sapphici
665 2652 800 2740 quidem
834 2675 952 2718 uersus
986 2665 1180 2719 constanter
1211 2653 1334 2721 habent
1368 2654 1535 2742 dipodiam
1568 2655 1771 2722 trochaicam
1804 2658 1848 2722 ita
1881 2656 2015 2744 quidem
2049 2669 2084 2724 ut

298 2757 469 2827 secundus
487 2780 546 2846 pes
564 2777 697 2845 semper
715 2757 758 2822 sit
775 2754 959 2845 spondeus,
993 2767 1028 2822 et
1052 2757 1108 2843 qui
1127 2757 1281 2844 sequitur
1300 2756 1453 2845 dactylus
1473 2779 1652 2846 nunquam,
1685 2773 1721 2824 ut
1745 2758 1944 2847 quibusdam
1973 2762 2079 2827 uisum

299 2877 360 2948 est,
379 2861 587 2930 contrahitur
604 2860 635 2926 in
655 2858 853 2950 spondeum.
899 2881 1039 2926 caesura
1060 2861 1221 2926 antemio
1242 2859 1393 2927 omnihus
1413 2873 1581 2948 quotquot
1601 2862 1759 2951 leguntur
1777 2864 1930 2929 uersibus
1946 2866 1987 2930 tit
2005 2875 2083 2952 post

298 2969 385 3035 arsin
405 2964 614 3054 dactylicam.

404 3087 490 3154 Sunt
509 3097 617 3152 tamen
640 3105 757 3150 uersus
778 3083 832 3170 qui
853 3082 901 3147 his
922 3081 1053 3171 legibus
1073 3081 1246 3148 aduersari
1265 3081 1453 3151 uideantur.

477 3230 496 3273 a
531 3205 634 3294 Hipp.
655 3205 729 3272 286
786 3205 951 3290 Quaeque
972 3201 1013 3268 ad
1036 3205 1222 3292 Hesperios
1241 3203 1330 3271 iacet
1349 3227 1408 3271 ora
1428 3215 1534 3271 metas

657 3309 731 3375 288
786 3308 822 3374 Si
842 3329 906 3394 qua
927 3308 1135 3374 Parrhasiae
1152 3307 1303 3398 glacialis
1323 3331 1421 3374 ursae

550 3413 634 3478 Tro.
655 3411 728 3478 839
784 3413 833 3476 An
853 3409 946 3475 ferax
966 3416 1061 3476 orarii
1075 3410 1194 3499 lapidis
1215 3412 1377 3498 Carystos

477 3533 497 3599 b
633 3533 731 3598 1054
786 3529 888 3598 Troia
909 3552 974 3617 qua
994 3536 1104 3597 t'uceol
1124 3533 1266 3622 regione
1285 3542 1471 3598 monstrans

478 3677 497 3721 c
533 3651 626 3720 Med,
655 3653 729 3718 636
785 3653 925 3718 Sumere
945 3660 1133 3718 r'mrrrmerus
1150 3651 1284 3719 solitum
1305 3653 1430 3741 ligurus

478 3774 499 3840 d
536 3774 642 3862 Hipp.
662 3775 734 3840 287
791 3773 827 3839 Si
847 3795 912 3863 qua
932 3771 1075 3840 feruenti
1093 3775 1240 3842 subiecto
1259 3794 1380 3839 cancro
1400 3784 1452 3840 cst

477 3919 496 3961 e
540 3896 625 3960 Tro.
656 3894 729 3961 sut
786 3891 876 3959 Misit
893 3891 1032 3958 infestos
1052 3895 1173 3961 Tror'ue
1191 3893 1293 3962 ruinis

652 3997 726 4063 856
780 3994 868 4062 Dum
888 3996 976 4062 luem
995 4007 1118 4066 tantam
1141 3999 1261 4065 Tror‘oe
1279 4009 1382 4086 atque
1402 3997 1534 4064 Achiuis

484 4115 499 4184 l
654 4117 728 4183 855
784 4117 895 4183 Mittat
915 4129 949 4182 et
968 4116 1073 4184 donet
1090 4123 1279 4204 cuicumque
1297 4131 1408 4184 terrae

400 4237 549 4306 Dubium
569 4249 622 4304 est
640 4235 725 4302 enim
746 4248 856 4303 utrum
875 4237 906 4303 in
927 4238 975 4303 his
994 4239 1131 4305 metrica
1151 4238 1315 4326 quaedam
1335 4238 1468 4305 licentia
1489 4235 1709 4305 concedenda
1733 4238 1777 4304 sit
1794 4248 1917 4325 poetae
1937 4236 2082 4327 tragico,

296 4343 424 4411 scilieet
450 4353 487 4410 ut
510 4343 543 4408 iu
569 4341 715 4430 quinque
741 4341 907 4429 prioribus
933 4343 1085 4410 uersibus
1112 4341 1280 4430 dactylum
1300 4343 1452 4432 posuerit
1471 4365 1532 4430 pro
1552 4340 1719 4430 spondeo,
1736 4341 1768 4407 in
1789 4351 1949 4428 quattuor
1968 4353 2081 4408 autem

296 4450 351 4536 qui
378 4457 565 4536 sequuntur
588 4467 649 4533 pro
676 4457 858 4534 anapaesto
884 4445 1071 4534 spondeum
1086 4442 1133 4534 ¹),
1165 4469 1206 4512 an
1233 4447 1325 4533 quod
1345 4448 1415 4514 fieri
1436 4446 1547 4533 aliquo
1568 4443 1669 4510 modo
1689 4445 1840 4534 possein
1861 4445 2012 4512 omnibus
2031 4443 2081 4509 his

295 4551 455 4642 exemplis
474 4560 633 4640 putarunt
653 4547 714 4614 uiri
733 4548 924 4616 doctissimi.
954 4549 1097 4636 synizesi
1118 4562 1219 4637 atque
1249 4549 1372 4639 duplici
1393 4551 1561 4616 literarum
1588 4555 1603 4614 r'
1628 4561 1663 4615 et
1681 4573 1701 4614 rr
1728 4550 1760 4616 ui
1780 4559 1814 4616 et
1833 4560 2001 4638 potestate
2022 4547 2082 4613 ud-

295 4655 397 4722 hibita
416 4655 544 4722 numeri
564 4652 693 4742 possint
713 4651 808 4743 erigi.

297 4793 602 4808 m

386 4852 412 4936 ¹)
435 4859 519 4934 Digna
541 4859 586 4916 itta
614 4859 729 4916 luxorio
758 4860 865 4916 licentia
894 4877 946 4916 non
976 4859 1090 4915 Seneca.
1135 4860 1172 4915 cl.
1195 4860 1296 4931 hexeri
1320 4861 1400 4916 anth.
1424 4853 1538 4927 uult,
1563 4853 1597 4914 5:
1639 4858 1682 4914 Au
1705 4850 1830 4914 tabulae
1852 4857 1946 4913 melius
1968 4855 2084 4930 praemis

292 4951 367 5018 grata
390 4951 461 5001 aunt.
485 4963 511 5001 n.
535 4939 608 5014 343,
633 4939 664 5000 7:
690 4945 749 5012 Quo
771 4962 801 5000 se
825 4945 1054 5002 Heliconiades
1077 4945 1165 5001 lerunt
1186 4946 1301 5019 puellae.

1825 5046 1861 5100 l*
