4780 5746
1147 312 1198 380 40

1033 409 1336 419 *mm

290 550 432 638 dissidio
451 550 507 618 illo
527 547 620 641 quod
638 573 676 618 re
694 572 776 618 uera
794 549 976 642 imperator
994 561 1115 642 postea
1133 551 1207 620 lieri
1225 551 1332 622 iussit.
1387 563 1423 630 et
1441 553 1617 625 oonsilium
1634 551 1717 622 illud
1734 554 1767 623 in
1788 553 1925 624 alterius
1944 553 2078 624 demum

288 657 393 749 partis
412 657 479 723 fine
494 665 607 724 ratum
625 652 706 724 lacit
722 653 835 722 Plauti
853 653 1037 744 Sullaeque
1055 655 1230 724 conatibus
1248 656 1435 726 stimulatus
1457 655 1512 749 (u.
1533 659 1608 726 480
1628 659 1704 726 470
1730 657 1938 742 „Tollantur
1962 657 2083 740 hostes,

292 783 374 842 ense
398 760 547 849 suspecti
571 757 658 827 milti.
712 758 826 826 louisu
846 758 992 826 coniunx
1011 769 1130 848 pereat
1148 769 1315 828 eteorum
1334 761 1397 828 sibi
1415 759 1555 830 fratrem
1573 757 1784 853 aequatur“)
1805 764 1959 830 Senonas
1979 762 2081 830 stiam

291 863 536 932 hortationibus
560 885 627 930 non
653 862 802 952 placatos
820 860 882 930 sed
901 863 1007 954 magis
1027 859 1203 953 magisque
1222 863 1387 934 exeitntns
1403 858 1432 955 ¹)
1455 863 1576 955 (quem
1595 864 1723 933 eisdem
1742 866 1816 934 iero
1835 877 1938 954 atque
1955 865 2080 937 Nutrix

292 969 510 1058 argumentis,
542 965 678 1034 iuuenili
698 988 818 1056 nempe
836 965 971 1046 ardore,
1003 966 1035 1032 in
1055 960 1246 1034 exonaanda
1267 969 1414 1058 coniuge
1441 989 1536 1036 usum
1562 966 1715 1038 uidemus
1742 992 1775 1037 ιι.
1797 971 1870 1038 507
1898 968 2025 1037 teneris
2045 969 2082 1038 in

292 1071 386 1138 annis
410 1109 462 1123 -
488 1067 531 1138 ol.
559 1093 592 1138 u.
616 1071 688 1140 189
713 1068 868 1138 iuuenilis
893 1068 1027 1161 ardor).
1082 1069 1138 1158 qui
1157 1081 1337 1160 postquam
1356 1071 1490 1160 reliquit
1507 1093 1676 1158 serenam,
1695 1074 1789 1142 Nero
1808 1095 1841 1139 ιι.
1861 1075 1936 1140 590
1954 1095 2006 1161 sq.
2025 1097 2081 1140 se·

294 1197 370 1242 oum
388 1174 537 1264 loquitur
555 1173 657 1241 haece
1413 1203 1416 1210 ·
2031 1187 2034 1192 “

749 1277 797 1344 Et
814 1277 887 1367 ipse
906 1274 1021 1366 populi
1040 1285 1123 1344 uota
1140 1277 1203 1346 ism
1222 1275 1351 1367 pridem
1370 1298 1494 1360 moror,

754 1379 840 1446 Cum
859 1390 970 1469 portet
989 1391 1086 1447 utero
1105 1381 1262 1472 pignus
1281 1391 1317 1448 et
1334 1391 1464 1470 partem
1483 1381 1547 1448 mei

754 1485 842 1562 Quin
861 1484 1064 1552 destinamus
1078 1489 1263 1571 promissum
1282 1486 1439 1552 thalamis
1458 1485 1555 1551 dr'em.

296 1623 386 1690 'l'um
406 1619 540 1689 demum
557 1629 735 1711 postquem
753 1619 868 1710 populi
887 1617 987 1688 dolor
1005 1633 1108 1710 atque
1125 1633 1206 1689 uota
1224 1632 1301 1688 sont
1319 1621 1468 1690 nuntiate
1487 1617 1540 1712 (u.
1560 1623 1605 1687 57
1612 1623 1633 1686 2
1655 1621 1750 1712 591)
1772 1629 1874 1708 utque
1894 1617 2079 1688 destinatus

299 1737 350 1793 est
368 1724 557 1816 nuptiarum
584 1722 655 1791 dies
674 1723 830 1812 iumnque
849 1723 903 1789 ille
924 1722 1072 1816 („rnodo
1091 1723 1252 1816 audito“)
1272 1723 1458 1816 diuulgata,
1492 1724 1612 1792 oliorus
1630 1717 1766 1814 poterat
1784 1723 1931 1792 existere
1949 1723 2081 1815 lugere,

287 1828 426 1915 frustra
446 1833 542 1896 toties
560 1834 721 1895 r‘nototnrrr
739 1826 855 1894 dioere
873 1825 1005 1910 lamam,
1021 1849 1109 1918 quoe
1128 1827 1252 1896 utinam
1271 1852 1359 1897 nuno
1377 1851 1512 1919 quoque
1531 1825 1651 1919 perdat
1668 1826 1781 1911 fidem,
1797 1849 1963 1895 reuooare
1977 1829 2081 1895 maio·

295 1955 369 2000 rum
395 1933 567 2013 uirtutem,
600 1932 657 2020 qui
674 1930 735 1998 ulti
754 1943 867 1998 essent
885 1930 1067 2021 Virgininm
1085 1929 1213 2022 ultique
1231 1932 1438 2016 Lueretiom,
1472 1934 1528 2021 qui
1553 1930 1690 1998 sceleris
1708 1953 1835 2020 poenas
1855 1953 1874 1997 a
1894 1931 2080 2021 'l'arquinio

301 2035 521 2126 sumpsissent
540 2057 616 2102 eum
635 2032 750 2103 'l'ullia
768 2035 926 2124 coniuge,
960 2057 1097 2103 norrsre
1115 2035 1215 2125 quale
1241 2047 1277 2103 et
1293 2037 1355 2125 ipsi
1381 2035 1492 2104 scelus
1519 2033 1684 2102 uidissent
1701 2033 1907 2126 Agrippinae
1925 2057 2043 2104 nonem
2061 2057 2083 2103 a

296 2139 454 2228 Prinoipe
473 2139 693 2222 commissam,
726 2138 775 2205 tis
801 2139 954 2206 omnibus
981 2137 1023 2206 ud
1043 2143 1218 2230 Augustae
1237 2139 1397 2208 ultionem
1415 2163 1493 2206 sese
1510 2139 1683 2229 instigare.
1738 2141 1848 2227 Atque
1867 2138 1990 2206 chorus
2008 2140 2082 2228 ipen

296 2245 395 2310 etiam
415 2243 561 2312 Neronis
586 2241 692 2310 uerba
714 2241 827 2309 ultima
847 2241 1008 2333 (u.591)
1027 2244 1194 2334 respicere
1214 2243 1350 2312 uidetur
1367 2243 1399 2310 io
1418 2243 1489 2310 hist
1520 2240 1601 2310 edet
1618 2243 1800 2332 pignora
1821 2241 1924 2332 ponis.
1955 2242 2018 2308 llis
2038 2240 2082 2310 de

297 2347 424 2416 caussis
450 2370 515 2414 non
542 2345 659 2415 dubito
686 2346 765 2435 quin
789 2356 896 2413 totum
922 2369 1082 2415 carmen
1109 2346 1216 2435 quod
1240 2347 1400 2437 legitur
1425 2370 1444 2414 a
1470 2370 1503 2413 ιι.
1526 2349 1607 2414 272
1634 2344 1682 2413 od
1702 2367 1736 2414 u.
1758 2347 1845 2413 370
1872 2366 2082 2435 reponen-

301 2450 392 2518 dum
419 2451 472 2518 sit
497 2463 592 2540 post
618 2462 752 2516 actum
772 2447 1004 2516 seeundum
1023 2473 1057 2516 u.
1078 2451 1165 2518 592
1185 2449 1242 2516 ubi
1261 2449 1468 2516 desiderauit
1485 2447 1633 2516 Delrius.
1675 2450 1749 2517 Neo
1769 2471 1889 2518 usnam
1907 2451 2081 2516 Romano-

297 2576 370 2621 rum
389 2554 482 2620 istam
502 2552 767 2620 cohortationem
787 2549 909 2634 luisse,
938 2573 1036 2640 quom
1056 2563 1213 2642 repetunt
1231 2553 1325 2620 minis
1344 2552 1445 2621 etiam
1464 2550 1585 2620 additis
1607 2576 1636 2618 u·
1659 2552 1895 2635 600-680,
1920 2551 2083 2622 aNuntio

304 2679 339 2726 n.
355 2659 429 2726 780
444 2681 494 2746 sq.
514 2653 688 2740 doeemur,
709 2656 803 2724 ouius
823 2656 925 2724 uerbo
946 2677 975 2723 ιι.
997 2657 1070 2725 789
1091 2679 1144 2723 res
1163 2657 1234 2746 ipsa
1254 2655 1358 2724 docet
1374 2659 1421 2724 ite
1439 2679 1514 2724 esse
1533 2650 1807 2749 emendanda²):

808 2791 971 2862 Reddere
989 2805 1129 2883 penates
1150 2793 1312 2860 Claudiae
1330 2799 1419 2860 orites
1439 2805 1567 2884 parant.

388 3027 412 3108 ¹)
436 3033 470 3090 ol.
494 3028 557 3090 040
579 3049 653 3106 sqq:
725 3031 784 3088 lloo
805 3029 927 3104 equidem
950 3037 979 3122 at
999 3030 1058 3106 ipse
1081 3029 1183 3090 credidi
1205 3033 1301 3092 trustra
1324 3033 1370 3089 diu

727 3201 841 3256 Tandem
864 3201 936 3272 quod
958 3201 1054 3255 ardens
1076 3199 1168 3256 statuit
1190 3200 1283 3258 uloiaei
1305 3201 1383 3258 dolor

726 3285 891 3358 nigramque
912 3283 1033 3342 malonia
1055 3285 1197 3358 coniugem
1218 3282 1322 3343 ιἰιιιιιιιιΙ
1343 3285 1419 3344 meis.

727 3455 777 3512 llio
799 3455 862 3512 mihi
885 3453 988 3529 iugales
1009 3456 1143 3529 praeierat
1165 3457 1256 3514 taedas
1279 3457 1345 3514 deus

725 3541 856 3613 lugetque
878 3541 978 3598 nostris
998 3539 1062 3614 igno
1085 3541 1231 3617 Poppaeam
1253 3541 1328 3600 toris.

524 3644 619 3719 quibua
641 3643 754 3718 opponit
775 3644 842 3700 liaeo
863 3641 966 3700 Sauara
988 3659 1014 3701 ιι.
1031 3637 1108 3700 578ι

726 3745 779 3802 Vix
800 3742 934 3802 sustinere
947 3751 1044 3820 postet
1064 3747 1115 3803 hos
1137 3745 1266 3803 thalnmos
1289 3745 1367 3803 dolor

724 3829 858 3904 troesque
879 3829 986 3906 populi:
1008 3837 1100 3888 saneta
1121 3847 1172 3888 noo
1192 3829 1279 3905 pietas
1299 3830 1369 3888 sinat

522 3934 576 3992 Sed
598 3933 641 3991 his
663 3943 692 3992 et
713 3952 782 4008 quoa
804 3933 928 3994 uersibus
951 3929 1013 3992 oto
1037 3928 1099 3992 Ι878
1122 3928 1184 3991 ⁵79
1206 3939 1353 4008 sequnntur
1375 3931 1511 3990 oonllrmot
1533 3928 1622 4004 potius
1644 3925 1766 3985 Casama
1790 3925 1939 3986 eonsilium.

383 4049 412 4132 'J
436 4054 519 4116 codd.
543 4053 626 4114 diui.
671 4052 761 4128 inepte
782 4053 867 4112 llitter
887 4053 963 4112 diri.
