4780 5746
1041 1063 1184 1142 1111.

322 1268 548 1358 Asclepiadeis
569 1268 837 1358 dodecasyllabis
857 1270 887 1333 in
909 1269 957 1336 his
979 1293 1060 1335 rrsus
1082 1283 1133 1336 est
1152 1285 1270 1359 poeta:

556 1406 684 1474 Phaed.
707 1407 909 1473 753-760
941 1410 1143 1475 rita-823
1350 1409 1409 1475 Hl.
1432 1410 1631 1474 sat-591

558 1513 638 1576 Tro.
660 1512 771 1578 374-
791 1515 860 1576 411
1350 1513 1435 1600 Thy.
1461 1515 1661 1578 tua—175

465 1624 469 1633 '
557 1614 645 1679 Med.
667 1615 714 1680 56
734 1617 816 1678 -rt
851 1617 1028 1679 tta-tou
1349 1617 1427 1682 ΗΟ.
1453 1615 1667 1680 tua-173.

218 1752 304 1817 basis
330 1763 524 1817 constanter
548 1765 600 1818 est
626 1751 819 1840 spondiaco,
853 1751 967 1817 incisio
995 1753 1026 1816 io
1056 1757 1120 1818 line
1148 1754 1265 1841 prioris
1286 1754 1478 1820 choriambi.
1513 1750 1657 1839 utapud
1680 1752 1867 1830 Horatium,
1900 1775 1999 1838 quem

217 1855 314 1921 etiarn
335 1855 365 1920 io
386 1854 619 1921 continuandis
639 1855 687 1920 his
709 1856 859 1921 uersibus
880 1856 1030 1942 sequitur
1050 1856 1157 1937 (Hor.
1179 1858 1194 1921 l
1218 1861 1232 1921 l
1266 1857 1316 1922 lll
1337 1859 1384 1921 30
1414 1855 1485 1921 llll
1506 1858 1560 1934 8).

321 2011 520 2076 Breuiculus
541 2023 717 2099 praeterea
738 2022 829 2076 extat
849 2033 964 2075 uersus
985 2012 1067 2075 Tro.
1090 2015 1182 2076 tut:
1215 2036 1274 2096 qno
1294 2036 1355 2076 non
1375 2018 1455 2076 noto
1477 2018 1594 2075 r'orent.
1651 2009 1780 2098 dequo
1801 2019 1894 2074 recte
1913 2008 1998 2074 iudi-

217 2113 306 2179 cauit
332 2115 528 2180 ascensiusr
566 2114 738 2194 „Quaeris
770 2137 836 2200 quo
865 2114 974 2179 iaceas
1002 2129 1079 2200 post
1106 2115 1230 2180 ohitnm
1259 2115 1361 2179 loco?
1397 2113 1616 2202 Respondet:
1654 2113 1707 2178 Eo
1736 2136 1802 2200 quo
1831 2136 1894 2178 non
1924 2125 2000 2178 nata

216 2217 335 2291 iacent.
368 2216 402 2283 id
429 2231 479 2282 est
506 2240 681 2304 nusquam,
716 2240 803 2304 quae
829 2218 992 2282 sententia
1012 2241 1110 2304 quum
1131 2218 1173 2285 sit
1191 2217 1386 2306 grauissima
1409 2229 1442 2282 et
1462 2217 1679 2281 firmissimum
1700 2216 1824 2281 babere
1844 2214 2000 2280 uideatur

218 2332 452 2410 argumentum
474 2319 515 2385 ad
537 2319 663 2386 animae
684 2322 919 2387 extinctionem
941 2320 1142 2408 probandum
1162 2322 1263 2410 'poeta
1285 2321 1362 2386 data
1383 2343 1486 2408 opera
1507 2317 1714 2384 hemistichio
1738 2319 1888 2384 clausit.‘·
1936 2319 1999 2384 Ve-

216 2445 289 2490 rum
310 2425 406 2488 etiem
427 2425 623 2511 grauissima
644 2427 831 2490 sentcntiae
852 2424 1033 2490 auctoritas
1049 2421 1077 2506 ¹)
1099 2447 1164 2489 nou
1186 2426 1359 2491 excusabit
1379 2437 1498 2511 poetae
1519 2423 1683 2488 licentiam
1703 2423 1729 2486 si
1745 2420 1997 2486 Andromachae

217 2526 330 2593 uerbis
350 2528 380 2592 in
401 2527 571 2616 Euripidis
591 2527 721 2594 Troad.
744 2530 817 2592 ti3ii
874 2527 1040 2593 adductus
1061 2545 1132 2592 erat
1151 2527 1193 2592 ad
1214 2551 1286 2594 eam
1307 2528 1370 2592 his:

679 2666 715 2729 τὸ
733 2667 776 2746 μὴ
795 2669 950 2744 γενέσθαι
971 2670 1015 2749 τῷ
1034 2673 1154 2730 θανεῖν
1173 2669 1248 2730 ἴσον
1265 2668 1357 2746 λέγω,

677 2771 733 2832 rori
753 2770 807 2852 ζῆν
825 2767 859 2830 δὲ
879 2767 1008 2849 λυπρῶς
1026 2764 1180 2852 κρεῖσσόν
1198 2767 1266 2832 ἐστι
1287 2773 1478 2832 κατθανεῖν.

218 2903 356 2967 Veniam
385 2915 450 2968 tum
479 2901 609 2967 demum
631 2903 775 2980 habebit,
810 2903 835 2966 si
862 2903 1094 2989 exscriptoris
1121 2904 1191 2991 ipsa
1212 2914 1321 2968 mente
1343 2917 1376 2968 at
1396 2905 1502 2968 animo
1524 2905 1719 2990 perturbato
1741 2901 1895 2966 fortunae
1916 2901 1997 2966 uici-

218 3005 279 3070 bus
295 3003 458 3093 prodiisse
475 3027 546 3069 eam
564 3003 721 3070 dicemus.
751 3006 834 3080 Quis
855 3019 963 3070 autem
985 3007 1189 3095 frequentius
1210 3007 1294 3071 hanc
1314 3007 1509 3072 sententiam
1531 3017 1565 3071 et
1580 3028 1667 3094 quac
1688 3006 1717 3070 ei
1737 3018 1813 3070 sunt
1833 3016 1999 3093 cognatae

219 3107 375 3196 exposuit
395 3129 492 3194 quam
513 3107 552 3172 L.
575 3113 728 3174 Annaeus
749 3110 880 3174 Seneca
901 3109 1140 3197 philosophus?
1177 3109 1280 3175 Cuius
1301 3111 1402 3176 uerba
1423 3110 1559 3196 quaein
1581 3109 1827 3174 Consolationis
1848 3106 1890 3172 ad
1911 3109 1998 3176 Mar-

220 3212 302 3277 ciam
323 3235 350 3276 c.
372 3205 498 3295 xlx'2)
527 3211 686 3300 leguntur
711 3235 785 3277 cum
807 3212 924 3302 tragici
944 3213 1115 3278 sententiis
1136 3212 1382 3288 conuenientia.
1417 3215 1513 3278 etiam
1541 3215 1567 3278 si
1594 3212 1663 3276 aliis
1690 3212 1885 3279 testimoniis
1907 3233 1999 3275 esse-

218 3337 290 3380 mus
311 3313 472 3392 destitnti‚
491 3314 568 3378 satis
588 3326 753 3381 testantur
772 3315 1002 3404 philosophum
1023 3316 1120 3381 etiarn
1141 3316 1392 3404 tragoediarum
1413 3341 1487 3382 esse
1508 3328 1679 3382 auctorem
1699 3316 1782 3398 (hac
1800 3314 1899 3378 illane
1918 3336 1999 3378 sane

220 3417 429 3505 exceptis-
445 3439 517 3482 narn
540 3416 739 3482 deHerculc
760 3418 864 3484 altero
887 3442 994 3505 nuque
1015 3443 1082 3508 ego
1104 3418 1219 3483 dubito
1241 3421 1404 3506 nequeG.
1419 3419 1556 3483 Richter
1576 3419 1653 3503 quin
1674 3416 1727 3481 ulii
1747 3419 1875 3482 auctori
1896 3429 1997 3503 atque

218 3532 352 3589 ceterae
372 3521 414 3586 sit
433 3519 640 3608 tribuenda).

324 3661 432 3732 Quum
458 3657 488 3722 in
517 3671 607 3724 tanto
629 3659 806 3725 carminum
828 3682 964 3726 numero
986 3683 1101 3725 omnes
1123 3683 1239 3725 uersus
1259 3673 1424 3746 quotquot
1442 3658 1523 3723 iecit
1542 3671 1640 3747 poeta
1660 3658 1755 3748 probi
1776 3658 1840 3722 sint
1859 3681 1997 3748 respon-

221 3760 388 3848 deantque
410 3761 603 3827 Horatianis
624 3762 765 3851 legibus.
786 3761 857 3828 lalsi
878 3775 1067 3851 arguuntur
1087 3765 1141 3851 qui
1161 3763 1322 3852 leguntur
1341 3764 1372 3827 in
1394 3761 1518 3851 Oedipi
1538 3760 1737 3828 carminibus
1756 3761 1857 3829 tales:

220 3935 527 3952 ——

310 4029 332 4113 ¹)
356 4043 384 4090 ut
403 4035 439 4089 ”ex
463 4034 618 4090 nostratium
635 4035 801 4090 carminibus
824 4034 909 4090 simiis
934 4037 1081 4106 exemplum
1106 4043 1236 4108 repetam:
1261 4035 1355 4090 Victor
1369 4035 1499 4105 Iosephus
1514 4035 1672 4091 Schellelius
1697 4037 1720 4090 in
1745 4053 1778 4090 en
1801 4035 1914 4089 carmine
1930 4036 2002 4106 qnod

219 4121 355 4192 inscripsit
382 4115 503 4175 tubicen
526 4113 770 4195 Sacclriupanria
805 4137 882 4190 quum
912 4120 1031 4175 dimetria
1055 4120 1196 4175 trochaicis
1224 4119 1397 4192 ineptissimis
1421 4119 1526 4174 scilicet
1554 4120 1674 4176 uersibus
1703 4137 1757 4174 rem
1786 4127 2000 4190 persequeretur,

219 4222 296 4260 unrnu
319 4221 423 4258 uersum
447 4203 630 4276 imperiectum
654 4205 759 4274 reliquit
783 4207 868 4260 bunc:
893 4205 971 4272 ..und
994 4206 1033 4260 sia
1058 4207 1167 4260 lcttssteu
1191 4207 1280 4260 sich.“

305 4315 333 4392 ²)
358 4321 423 4378 [liat.
440 4322 474 4376 Vl
498 4323 529 4376 sd
552 4323 673 4378 Marciam
698 4324 731 4378 de
755 4325 938 4379 consolatione
963 4323 1022 4380 xlx
1045 4323 1064 4379 «l
1088 4331 1115 4378 et
1131 4321 1164 4378 5:
1190 4325 1282 4396 Cogita
1300 4326 1384 4399 pulhs
1408 4324 1559 4377 ‹lelrmctum
1583 4323 1657 4376 malis
1681 4322 1768 4392 ailbei,
1795 4322 1837 4377 illa
1860 4340 1927 4393 quae
1951 4341 2004 4378 uu-

219 4411 261 4464 bis
283 4407 385 4462 inleros
408 4407 507 4462 iaciunt
530 4409 672 4476 terribiles,
698 4409 808 4463 lithulam
832 4425 902 4472 esse.
927 4410 1010 4464 nullas
1033 4409 1161 4464 inminere
1185 4411 1276 4464 mortis
1299 4409 1423 4464 tenebras
1447 4425 1496 4462 nec
1521 4423 1652 4462 carcerem
1677 4425 1726 4462 neu
1749 4409 1852 4463 flumina
1876 4410 1938 4480 igne
1954 4411 2005 4462 lla-¹

220 4495 321 4566 grentio
351 4510 401 4548 nec
430 4491 575 4547 obliuionis
598 4510 698 4548 amnem
723 4511 771 4548 nec
796 4494 932 4548 tribunalia
957 4501 984 4548 et
1007 4511 1068 4548 reos
1091 4503 1117 4548 et
1141 4495 1165 4548 iu
1189 4496 1231 4549 illa
1256 4495 1378 4549 libertate
1401 4501 1453 4548 tam
1477 4493 1535 4546 laxa
1559 4493 1626 4548 tilios
1651 4494 1743 4548 iterum
1768 4501 1904 4561 tyrannos.
1927 4487 2005 4547 latre·

220 4583 290 4634 rant
320 4575 381 4634 istu
407 4581 520 4652 poetae
550 4579 578 4632 et
600 4577 688 4634 annis
711 4595 766 4633 nor
790 4577 951 4654 optinuere
974 4573 1161 4634 terroribus:
1209 4578 1226 4633 ti
1258 4580 1328 4635 llors
1357 4579 1477 4634 doiorum
1508 4577 1621 4632 omnium
1652 4578 1785 4634 exsolutio
1816 4585 1857 4632 est
1886 4583 1913 4631 et
1935 4576 2004 4646 linis,

222 4665 287 4720 ultra
310 4681 386 4734 quem
409 4663 475 4718 mala
499 4669 587 4719 nostra
612 4680 662 4719 uon
687 4671 799 4732 exeunt,
836 4681 902 4735 quac
933 4681 981 4720 nos
1011 4665 1035 4718 iu
1065 4657 1145 4720 illam
1176 4659 1439 4741 tranquillitatem,
1476 4659 1507 4716 in
1536 4679 1595 4738 qno
1624 4668 1785 4740 ‹tutequonr
1814 4676 2006 4718 nosceremur

222 4746 379 4808 inanimus.
404 4748 517 4820 reponit.
564 4747 591 4801 Si
617 4757 776 4806 mortuorum
800 4749 894 4818 aliquis
918 4749 1065 4812 miseretur,
1093 4757 1120 4803 et
1142 4767 1193 4805 nou
1217 4757 1334 4804 natorum
1358 4748 1524 4803 misereatur.
1569 4749 1639 4803 llors
1662 4765 1710 4804 nec
1735 4748 2006 4802 bonumneemalutn

222 4841 271 4889 est.
318 4835 344 4889 id
375 4833 443 4890 enim
477 4841 566 4904 potest
594 4841 638 4889 aut
661 4836 756 4889 botrum
781 4843 824 4888 aut
848 4835 940 4889 muium
964 4850 1042 4900 esse,
1071 4835 1140 4904 quod
1165 4835 1261 4904 aliquid
1286 4841 1335 4902 cst.
1382 4829 1467 4910 quod
1489 4849 1562 4888 uero
1585 4831 1681 4908 ipsum
1705 4826 1848 4887 nitrien
1871 4839 1898 4888 et
1920 4832 2007 4888 omnia

221 4919 246 4974 in
270 4919 377 4976 nibilum
403 4918 510 4990 redigit,
535 4917 598 4974 ouili
622 4937 671 4976 nos
694 4919 814 4975 lortuoae
839 4919 925 4975 tradit.
972 4921 1036 4974 ntala
1060 4923 1128 4975 enim
1154 4921 1274 4991 bonaque
1298 4920 1368 4974 circa
1384 4919 1494 4990 aliquam
1513 4925 1649 4973 uersentur
1665 4917 1807 4972 materiam.
1842 4935 1894 4972 nou
1917 4921 2011 4988 potest

223 5004 249 5059 id
273 5004 375 5060 lortona
401 5013 502 5070 tenere,
526 5007 595 5074 quod
619 5014 708 5060 natura
731 5005 840 5070 dimisit,
865 5021 914 5058 nee
938 5012 1027 5077 potest
1049 5005 1129 5059 misor
1152 5021 1212 5060 esse
1235 5005 1278 5076 qui
1302 5004 1387 5060 nullus
1410 5012 1460 5061 est.

1641 5071 1643 5075 ’
1752 5106 1767 5157 t
