4780 5746
1106 367 1179 428 27·

978 466 1088 473 ...—
1116 465 1157 472 --.
1173 467 1281 476 ως,-

238 604 326 695 capit
351 627 494 691 unquam
522 627 653 691 suagros
679 609 782 668 molas
809 602 937 672 huntilis
964 605 1043 670 tecti
1069 604 1197 693 plebeia
1224 605 1371 672 domus“
1404 617 1439 678 ,st
1465 606 1591 688 „Volat
1614 609 1777 697 ambiguis
1804 611 1927 678 rnobr'lr's
1958 615 2023 680 cb'r

238 708 347 775 hora“
368 707 470 796 idque
491 709 531 771 ab
551 730 591 773 ea
612 706 763 774 carminis
783 721 877 794 parte
897 707 951 771 ubi
971 707 1013 772 de
1034 708 1121 774 louis
1140 707 1275 775 fulmine
1295 711 1460 798 agebatur
1478 723 1641 776 remotum
1662 735 1727 777 non
1748 713 1909 804 intelligo.
1953 717 2021 782 Re-

238 813 322 879 ctius
348 835 421 877 cum
448 833 514 878 uno
541 809 694 877 Palatino
722 812 858 878 Gruteri
886 811 982 876 altius
1011 811 1209 876 uersiculum
1246 812 1334 877 illurn
1356 813 1593 879 collocabimus
1612 817 1676 880 sic:
1714 818 1898 896 „Metuens
1925 819 2019 884 caelo

238 915 391 1006 Iuppiter
417 914 484 982 alto
505 915 619 980 Vicina
646 915 746 1002 petit:
784 914 881 979 Circa
911 937 1014 1004 regna
1035 928 1160 981 tonatr'·
1200 915 1277 980 inde
1307 915 1348 982 de
1375 915 1504 982 lortuna
1533 941 1637 1006 agens
1657 917 1700 983 ad
1719 919 1875 987 'Flreseae
1902 920 2020 988 domus

238 1031 364 1086 sortem
383 1019 550 1084 conuertit
569 1018 756 1084 auditorum
778 1028 917 1084 mentes.
969 1017 1037 1083 Sed
1059 1041 1159 1104 quurn
1180 1041 1245 1084 non
1266 1020 1430 1106 putandus
1452 1021 1494 1086 sit
1509 1023 1638 1087 Seneca
1661 1024 1826 1089 uersiculo
1847 1026 1909 1090 isto
1929 1024 2019 1091 clau·

238 1123 318 1191 sisse
347 1122 543 1189 sententiam
562 1159 611 1172 -
639 1144 712 1187 nam
741 1121 766 1185 is
792 1145 871 1187 sanc
900 1144 1079 1211 regnorum
1106 1145 1170 1187 non
1200 1123 1336 1188 breuem
1357 1125 1524 1189 iniecisset
1544 1126 1756 1209 mentionem,
1786 1126 1846 1192 sed
1867 1151 1935 1193 rem
1955 1151 2017 1194 suo

238 1250 331 1294 more
364 1225 511 1315 pluribus
545 1238 706 1292 executus
740 1240 827 1290 esset
862 1225 971 1292 uerbis
1004 1265 1055 1276 —
1092 1224 1313 1314 fragmentum
1348 1249 1420 1294 esse
1453 1228 1611 1316 strophae
1637 1229 1870 1320 asclepiadeae
1898 1254 2020 1297 censeo

235 1329 471 1419 respondentis
491 1332 521 1395 ei
541 1353 628 1417 qnae
646 1351 747 1418 supra
766 1329 960 1417 interposita
981 1344 1051 1394 erat
1067 1325 1110 1418 ¹).

343 1451 530 1524 Quominus
549 1461 685 1539 praeter
703 1449 788 1514 hanc
807 1449 964 1536 strophae
984 1450 1176 1537 particulam
1196 1452 1325 1516 tertiam
1343 1450 1515 1517 Phaedrae
1536 1454 1688 1519 uersibus
1707 1457 1771 1521 781
1787 1457 1881 1520 -84
1903 1467 2018 1522 extare

239 1556 425 1638 credamus,
446 1578 543 1642 quarn
564 1553 761 1620 sententiam
782 1553 881 1618 tacite
901 1553 1006 1618 secuti
1025 1568 1102 1619 sunt
1122 1553 1281 1631 editores
1310 1567 1425 1640 aperte
1445 1554 1616 1643 professus
1637 1569 1688 1622 est
1706 1557 1865 1624 Pressius
1884 1558 1915 1623 in
1935 1557 2018 1623 libro

239 1658 282 1726 de
302 1683 339 1725 re
358 1659 494 1725 metrica
514 1682 546 1746 p.
568 1661 654 1736 415,
676 1658 809 1722 obstant
826 1679 985 1744 perquam
1006 1657 1117 1723 multa.
1173 1658 1265 1722 Libri
1284 1657 1452 1744 impressi:

647 1781 667 1841 7
673 1779 716 1843 81
776 1776 960 1841 Fornrosos
979 1777 1095 1842 solitae
1115 1777 1272 1842 claudere
1292 1776 1457 1844 lontibus:

776 1880 821 1944 Et
840 1881 962 1944 somnis
983 1879 1106 1945 iaciant
1125 1880 1259 1946 insidias
1279 1882 1343 1946 tuis

903 1983 1066 2048 Lasciuae
1086 2007 1253 2050 nemorum
1275 1983 1359 2050 deae

906 2087 1157 2176 Montiuagique
1180 2090 1296 2154 Panes.

343 2211 389 2275 Et
409 2209 549 2295 primum
564 2204 700 2293 quidem
719 2204 855 2292 stropha
876 2219 1022 2292 quatuor
1041 2229 1198 2273 uersuum
1220 2231 1295 2273 esse
1315 2230 1378 2273 non
1400 2219 1520 2294 potest.
1540 2208 1616 2294 qnia
1637 2205 1820 2273 cohaerent
1840 2233 1871 2272 u.
1895 2211 1966 2276 780
1987 2223 2020 2276 at

241 2316 309 2381 781
341 2335 451 2399 neque
476 2311 574 2377 etiarn
601 2332 684 2376 uero
710 2322 760 2375 est
779 2309 882 2374 simile
910 2323 1042 2396 poetam
1068 2311 1262 2399 particulam
1292 2325 1472 2376 extremam
1500 2310 1600 2398 partis
1628 2310 1698 2375 eius
1727 2334 1813 2398 quac
1840 2334 1859 2374 a
1888 2335 1915 2376 u.
1945 2315 2017 2377 777

240 2440 347 2506 usquc
371 2414 414 2480 ad
440 2437 471 2480 u.
494 2416 567 2481 784
594 2412 729 2503 legitur.
763 2437 826 2476 non
855 2413 1017 2501 insignem
1044 2414 1129 2480 illam
1156 2438 1242 2480 noua
1263 2413 1426 2482 sententia
1447 2414 1506 2479 sed
1527 2437 1613 2501 quae
1634 2413 1773 2479 eandem
1794 2437 1863 2480 rem
1883 2437 1949 2481 non
1970 2413 2019 2479 di·

240 2544 339 2588 uersa
365 2520 494 2586 ratione
521 2529 753 2605 persequatur.
788 2515 933 2582 uoluisse
959 2520 1103 2583 numeris
1131 2514 1298 2606 distingui.
1354 2518 1419 2590 Qui
1454 2529 1563 2583 autern
1591 2530 1685 2605 putat
1709 2518 1834 2585 facturn
1862 2517 2020 2586 essehoc

239 2625 316 2689 loco
338 2623 429 2710 quod
449 2623 480 2687 in
501 2619 604 2687 altera
625 2621 775 2684 carminis
796 2633 888 2704 parte
909 2643 993 2705 quae
1014 2637 1064 2684 est
1083 2645 1122 2686 ex
1143 2624 1308 2710 sapphicis
1329 2649 1357 2687 c.
1385 2624 1587 2686 all-tau
1606 2621 1785 2687 instituerit
1805 2623 1965 2712 tragicus,
1985 2633 2022 2688 ut

238 2728 394 2791 breuiore
420 2723 587 2789 uersiculo
615 2723 687 2788 linis
711 2734 882 2788 constaret
906 2723 1103 2799 sententiae,
1138 2746 1201 2788 non
1232 2725 1324 2788 uidet
1349 2724 1504 2788 adonium
1532 2723 1629 2790 ualde
1649 2724 1786 2790 differre
1812 2726 2018 2816 aglyconeo

240 2853 313 2897 cum
342 2827 565 2894 choriambico
594 2825 648 2913 qui
674 2827 824 2913 sequitur
851 2847 950 2890 uersu
977 2849 1037 2891 ner
1064 2826 1168 2892 simile
1196 2827 1375 2914 quidquam
1403 2849 1502 2913 posse
1523 2851 1540 2888 e
1562 2828 1669 2913 poetis
1689 2828 1797 2893 latinis
1817 2829 2019 2917 graecisque

241 2929 407 3020 afferri'i).
464 2930 602 2994 Accedit
627 2931 744 3016 utqui
773 2929 940 3015 stropham
968 2929 1053 2994 illam
1081 2930 1268 2996 effecerunt
1294 2952 1356 2996 nec
1383 2929 1568 2994 sententiae
1588 2953 1649 2995 nec
1669 2929 1824 2996 codicum
1845 2931 2020 2997 habuerint

240 3038 414 3102 rationem.
471 3032 561 3107 Quid
582 3032 666 3098 enim
694 3030 736 3096 de
757 3032 901 3096 Panibus
927 3031 1110 3096 timendum
1127 3034 1336 3120 Hippolyto?
1372 3035 1468 3098 immo
1491 3033 1531 3098 de
1552 3031 1701 3121 nymphis
1720 3033 1919 3123 procacibus
1940 3057 2021 3123 qua-

241 3138 304 3205 lem
332 3137 496 3205 Salmacin
524 3135 689 3223 expressit
715 3134 856 3200 Ouidius
883 3137 961 3200 hlet.
988 3135 1052 3200 llll
1083 3137 1295 3204 315-328
1323 3159 1393 3224 sqq.
1455 3137 1671 3225 intelligenda
1696 3151 1774 3204 sunt
1798 3138 1890 3203 chori
1919 3137 2022 3204 uerba

242 3265 380 3332 quarum
410 3253 445 3307 ut
470 3240 625 3306 lasciuiae
650 3238 781 3328 signum
810 3237 953 3304 adderet
980 3254 1078 3325 pocta
1106 3239 1253 3305 adiunxit
1281 3242 1382 3305 haec:
1411 3242 1525 3306 Panos
1545 3263 1628 3325 qnae
1648 3243 1803 3328 Dryades
1822 3247 2023 3328 mnatr‘aagos

238 3353 356 3434 petant
422 3367 507 3432 quae
532 3365 731 3430 quamquam
756 3353 834 3408 sunt
859 3341 1009 3407 omnibus
1039 3342 1137 3408 codd.
1166 3342 1286 3410 tradita
1313 3356 1412 3431 atque
1439 3343 1572 3430 plenum
1593 3343 1839 3431 asclepiadeum
1860 3342 2020 3428 efficiunt,

242 3461 300 3516 aut
326 3449 525 3515 deleuerunt
551 3447 697 3511 editores
725 3457 782 3510 aut
809 3467 882 3510 eum
911 3445 1086 3509 Gronouin
1115 3446 1259 3512 absurde
1286 3457 1499 3511 mutauerant
1524 3447 1586 3510 ita:
1627 3448 1730 3511 Panes
1756 3471 1839 3533 qnos
1867 3446 2022 3534 Dryades

242 3555 434 3640 montiuagr'
449 3562 576 3639 petunt.
632 3551 756 3615 Verum
778 3547 955 3638 appingam
976 3571 1062 3635 quae
1082 3549 1149 3639 legi
1168 3552 1199 3616 in
1220 3548 1465 3640 Rehdigeranis
1489 3551 1534 3614 lll
1556 3561 1589 3614 et
1613 3553 1675 3615 ll:

651 3687 775 3776 (linget
792 3687 890 3752 turba
910 3685 1013 3751 licens
1242 3687 1376 3775 (liceus.
1398 3682 1436 3752 al'
1456 3686 1559 3751 licens
1583 3687 1658 3774 ll).

652 3790 802 3858 Naiades
822 3791 972 3875 improbe
991 3789 1157 3856 formosos
1178 3791 1275 3857 solite
1431 3789 1609 3876 (Nayades
1631 3791 1698 3869 ll)

652 3893 821 3958 Claudere
840 3891 986 3958 lontibus

652 3997 699 4064 Et
718 3997 842 4062 somnis
861 3995 986 4061 facient
1003 3996 1139 4063 insidias
1161 3999 1223 4066 tuis

579 4105 599 4166 5
656 4100 798 4166 Lasciuc
819 4117 989 4165 nemorum
1011 4099 1074 4166 dee

653 4307 885 4396 Montiuagiue
905 4329 1019 4394 panes.

580 4413 601 4476 8
657 4411 766 4476 Panas
787 4433 853 4498 que
874 4408 1007 4475 driades
1028 4409 1239 4498 montiuagos
1264 4423 1389 4497 petunt.

244 4543 550 4556 ..n-..um

339 4601 363 4680 ¹)
387 4608 498 4663 Prorsus
526 4605 624 4662 deleuit
655 4609 719 4662 hacc
751 4597 830 4661 uerba
853 4601 890 4662 Ν
908 4605 965 4681 (est
993 4612 1079 4661 autern
1103 4605 1237 4661 Fabricius
1260 4604 1482 4676 Chemnilaensis)
1512 4603 1599 4658 editor
1620 4602 1766 4674 Lipsiensls
1789 4621 1803 4658 a
1826 4601 1963 4660 uotxvt
1990 4637 2028 4649 -

249 4693 286 4746 lle
308 4693 438 4748 sententia
461 4692 514 4747 uid.
539 4693 641 4747 Seneca
665 4709 707 4764 ep.
732 4693 753 4748 ll
778 4685 795 4744 7
819 4687 837 4745 9
863 4687 942 4760 [19];
978 4691 1074 4746 dictum
1098 4691 1286 4746 Maecenatis.
1318 4709 1341 4744 .:
1366 4689 1443 4762 „ipsa
1467 4689 1535 4744 cuim
1558 4688 1668 4744 altitudo
1691 4695 1792 4744 attonat
1813 4691 1943 4744 summa.“

335 4785 365 4864 ²)
388 4793 416 4848 si
440 4802 523 4865 poeta
546 4802 575 4850 ut
597 4795 739 4867 sapphicus
763 4794 859 4850 salonio
883 4793 1035 4863 glyconeos
1058 4795 1232 4864 pherecraten
1254 4793 1290 4848 ita
1314 4793 1391 4847 etiarn
1414 4791 1598 4863 asclepiadeos
1614 4790 1881 4846 uoluissetbreuioro
1897 4793 2029 4849 uersiculo

245 4880 325 4949 llnirl,
349 4895 401 4934 uon
424 4879 483 4935 data
509 4887 566 4938 erat
588 4879 663 4952 optio
686 4877 734 4934 scd
757 4878 923 4934 adhibendos
948 4885 1003 4934 erat
1027 4892 1093 4933 unas
1114 4879 1264 4948 glyconeus
1288 4895 1364 4950 quern
1388 4876 1563 4950 asclepiadcis
1586 4875 1684 4932 subicit
1699 4874 1821 4931 Horatius
1843 4876 1869 4930 in
1893 4893 1926 4933 eo
1946 4884 2031 4936 metro

248 4965 289 5020 cui
312 4965 391 5021 terlio
413 4965 585 5037 asclepiadeo
609 4972 650 5021 cst
671 4977 777 5020 noman.
1850 4976 1851 4980 ’
2017 4969 2019 4976 “

1775 5063 1813 5115 4*
