4780 5746
1176 493 1197 555 7

301 730 390 806 Quid
408 732 533 799 Brutus
552 745 612 799 aut
629 730 792 822 rigidus
813 729 920 822 Cato)
941 731 973 797 16
993 731 1092 798 tertia
1111 730 1194 798 sede
1216 731 1344 800 dimetri
1363 731 1493 798 iambici
1511 745 1727 821 anapaestum
1748 732 1925 799 collocare.
1961 734 2083 821 Neque

300 833 415 903 dubito
435 837 516 904 ΗΟ.
538 860 570 903 6.
593 839 665 903 106
686 836 809 903 frustra
828 846 991 903 tentatum
1011 835 1056 901 ita
1076 835 1274 902 emendare:

812 1003 862 1015 -
885 965 953 1029 Vos
972 987 1077 1053 pecus
1098 965 1300 1054 rapiteocius

707 1070 783 1143 Qua
801 1067 924 1156 templa
943 1068 1061 1134 tollens
1081 1092 1161 1134 area
1182 1069 1309 1136 Cenaei
1327 1067 1420 1134 louis

707 1175 828 1238 Austro
849 1171 1030 1239 timendum
1049 1185 1181 1259 spectat
1198 1173 1385 1238 Euboicum
1405 1194 1507 1239 mars.

302 1300 359 1366 ubi
380 1322 452 1365 ara
477 1300 626 1384 codices,
661 1314 755 1368 acta
775 1302 796 1368 i.
818 1325 848 1390 q.
868 1298 946 1388 66τὴ
967 1301 1180 1391 liutgardae,
1207 1323 1303 1368 acra
1329 1301 1492 1391 Scaliger,
1531 1324 1602 1368 ora
1631 1301 1783 1370 11616166.
1810 1301 1982 1369 collido.
2010 1304 2082 1370 786

300 1402 353 1470 116
378 1426 462 1492 repe
486 1403 576 1472 celsa
608 1404 697 1472 nulla
722 1429 819 1493 qurum
844 1406 948 1472 nubea
971 1404 1048 1472 latit
1067 1408 1202 1472 Aunosa
1229 1405 1358 1496 fulgent
1383 1406 1506 1497 templa
1531 1406 1656 1478 Cenaei
1675 1407 1778 1476 louis.
1832 1409 1886 1496 Ag
1905 1407 1978 1474 566
2017 1409 2084 1480 Arx

298 1506 448 1576 imminet
471 1521 650 1596 praerupta
675 1531 762 1596 quoe
778 1520 911 1598 spectat
930 1529 1020 1576 mare
1041 1508 1212 1599 Utrimque
1230 1509 1412 1600 geminum.
1468 1509 1597 1578 Piocn.
1611 1511 1657 1577 67
1683 1510 1753 1578 Hic
1771 1510 1838 1580 alta
1855 1531 1956 1598 rupes
1976 1508 2083 1581 ortuo

301 1611 411 1701 surgit
434 1611 514 1702 iugo
538 1623 739 1700 spectatque
764 1611 867 1703 longo
889 1613 999 1700 spatia
1018 1610 1162 1680 subiecti
1180 1615 1287 1681 masis.
1340 1613 1440 1681 Orid.
1461 1615 1541 1682 11161.
1562 1611 2086 1703 testimomonium

300 1714 490 1804 collemque
508 1739 610 1805 super
628 1716 816 1806 planissima
835 1717 943 1804 campi
960 1719 1058 1783 Area.
1115 1717 1236 1784 Cicero
1256 1719 1351 1786 von.
1381 1719 1425 1786 lV
1446 1719 1494 1786 18
1521 1719 1552 1784 16
1579 1741 1708 1784 summo
1734 1728 1847 1785 monte
1872 1728 1923 1784 661
1941 1729 2084 1805 sequuta

298 1819 372 1908 agri
390 1818 553 1908 planitien.

405 1983 465 2072 (6)
493 1982 548 2051 De
567 1982 711 2050 Medeae
730 1996 841 2050 autem
866 2007 897 2049 u.
919 1985 1006 2066 636,
1040 1984 1192 2072 quamuis
1212 1983 1363 2072 quotidie
1383 1984 1536 2076 discipuli
1556 1983 1680 2053 docent
1697 1985 1729 2050 in
1749 1983 1862 2050 uerbis
1888 2006 1907 2049 a
1933 2007 2084 2050 numerus

301 2085 457 2154 deriuatio
477 2113 494 2154 6
513 2086 665 2154 uocalem
685 2086 938 2178 pronunciando
959 2085 1057 2154 lacile
1077 2086 1154 2153 61161
1173 2087 1372 2177 interposito
1391 2089 1410 2155 d
1438 2090 1634 2158 consonanti
1654 2099 1690 2156 ut
1708 2089 1834 2156 assolet
1852 2087 1939 2154 inter
1957 2111 1986 2152 m
2005 2099 2040 2154 61
2053 2112 2083 2170 r,

302 2202 411 2257 tamen
439 2213 541 2279 quum
569 2190 624 2257 uix
651 2192 782 2281 tragico
809 2189 913 2282 digna
938 2189 1095 2258 uideatur
1120 2190 1185 2258 hoo
1208 2191 1368 2280 syaiussis
1389 2215 1509 2282 genus,
1543 2216 1596 2259 ms
1616 2191 1713 2259 ualde
1734 2191 1887 2259 dubitare
1905 2191 2083 2261 confiteor.

301 2317 413 2383 nequo
440 2295 695 2362 consimilibus
721 2293 803 2361 locis
826 2296 985 2364 conuenit
1010 2295 1064 2364 hic
1090 2317 1220 2366 uersus.
1259 2294 1301 2364 cl.
1323 2297 1401 2366 061.
1423 2298 1497 2364 666
1535 2319 1572 2362 66
1597 2298 1628 2362 16
1656 2295 1780 2362 formas
1803 2317 1918 2361 omues
1939 2306 2084 2362 uertere.

300 2399 380 2465 ΗΟ.
401 2399 476 2465 tes
504 2398 670 2466 Achelous
691 2421 806 2466 omnes
826 2397 931 2465 lucilia
950 2399 981 2466 in
1001 2399 1132 2487 species
1152 2397 1225 2464 dari
1242 2398 1396 2466 'Pandem
1414 2401 1564 2490 peractis
1584 2399 1735 2472 omnibus
1753 2398 1860 2488 patuit
1876 2397 1966 2485 lenis.

404 2529 525 2616 ltaque
552 2527 617 2594 lroc
641 2539 785 2616 excepto
819 2538 952 2594 ceteros
978 2551 1062 2615 quos
1089 2527 1254 2594 attulimus
1279 2551 1380 2617 supra
1417 2551 1534 2595 uersus
1569 2551 1610 2604 ex
1634 2528 1836 2617 incorruptis
1858 2527 1999 2600 canticis
2025 2527 2084 2600 ds·

299 2642 451 2719 sumptos
477 2654 517 2696 ex
543 2653 662 2697 seneru
689 2632 922 2721 sapphicorum
950 2654 1065 2698 norma
1091 2631 1252 2698 formatos
1272 2631 1511 2704 contendimus.
1569 2631 1711 2708 16616666
1733 2633 1830 2700 etiam
1850 2632 1973 2720 Oedipi
1994 2635 2083 2722 Aga-

298 2735 551 2822 memnonisque
569 2734 773 2799 canticorum
793 2734 920 2820 aliquot
939 2735 1116 2822 sapphicus
1135 2735 1320 2823 poterimus
1340 2733 1542 2806 defendere:

504 2863 559 2927 'l'e
577 2874 679 2950 caput
699 2863 802 2949 lipia
828 2855 834 2954 Ι
858 2861 1016 2928 cohibere
1037 2861 1131 2929 mitra
1186 2861 1273 2930 Oed.
1294 2863 1367 2930 413

503 2964 604 3031 Sidus
624 2966 804 3033 Arcadium
829 2960 834 3062 Ι
858 2967 1097 3054 geminumque
1122 2964 1305 3054 plaustrum
1337 2965 1424 3032 Oed.
1446 2970 1518 3037 477
1550 2968 1612 3039 uisi
1639 2965 1727 3039 torte
1748 2966 1808 3040 luit
1826 2965 2031 3034 Arcadum

910 3068 1029 3134 sidus

501 3173 614 3238 Sensit
631 3171 776 3238 Arcadii
797 3163 803 3265 Ι
826 3170 1007 3259 populator
1026 3171 1099 3261 egri
1205 3175 1269 3262 Ag.
1297 3173 1371 3242 832

300 3317 334 3369 61
351 3300 523 3368 lerendum
540 3313 635 3370 66661
653 3297 745 3388 quod
765 3299 881 3368 all'ecit
899 3299 1069 3368 Swobodo
1137 3310 1200 3392 Ag.
1223 3302 1317 3370 6691

502 3430 678 3514 [Dextera]
700 3431 841 3495 emedio
865 3424 870 3524 Ι
895 3429 1037 3518 spolium
1057 3427 1163 3494 leroci

497 3534 647 3622 ¹Magnus
666 3530 799 3598 Alcides
825 3526 830 3628 Ι
854 3531 915 3598 cui‘
929 3531 1007 3622 lege
1027 3530 1140 3599 mundi
1194 3535 1256 3622 Ag.
1277 3531 1350 3598 813

503 3638 663 3721 [Rursus]
686 3638 852 3703 Herculea
877 3635 882 3724 Ι
907 3636 1029 3702 6661611
1047 3636 1203 3726 pharetra
1258 3638 1321 3725 Ag.
1343 3636 1417 3700 ult
1439 3631 1515 3728 (Ut
1542 3634 1749 3723 quondam
1769 3637 1813 3702 fl.
1833 3634 2001 3721 codices.)

393 3765 624 3832 Dubitandum
640 3778 692 3832 eat
705 3789 783 3832 num
799 3767 879 3832 66116
898 3767 1059 3832 munitum
1081 3765 1123 3832 sit
1141 3787 1214 3830 666
1230 3777 1437 3832 contractum
1462 3766 1721 3858 Agamemnonis
1743 3767 1860 3833 6660
1883 3764 2082 3856 (suapte)=

299 3868 437 3937 Fraude
455 3863 515 3935 6ιῖιῖ
536 3871 624 3958 capti
649 3865 655 3964 Ι
679 3869 842 3936 caderent
863 3869 997 3960 Pelasgi
1017 3874 1080 3958 Ag.
1102 3871 1188 3935 666.
1209 3891 1408 3957 quamquam
1436 3869 1543 3936 aino
1571 3869 1680 3936 durati
1699 3867 1788 3936 aliud
1809 3869 1995 3957 exemplum
2015 3868 2084 3935 lor·

298 3985 388 4040 tasse
414 3971 562 4042 ostendit
585 3973 667 4039 ΗΟ.
693 3975 764 4040 961
801 3975 856 4061 qui
882 3973 928 4039 ita
954 3972 1030 4037 mitt
1058 3972 1194 4039 uidetur
1227 3971 1474 4040 emendandus:
1512 3984 1547 4040 et
1571 3972 1736 4062 quidquid
1769 3972 1859 4041 aliud
1891 3973 1992 4039 cessit
2018 3973 2083 4056 (ita

297 4077 474 4158 Etruscus,
516 4076 646 4167 uulgati
678 4076 1026 4166 restitit)adelm'a
1045 4089 1167 4158 tamen,
1184 4077 1342 4161 6661666,
1362 4077 1489 4144 redisti.
1519 4079 1572 4144 ubi
1592 4077 1729 4145 codices
1748 4080 1794 4143 ab
1813 4075 2082 4142 illia—Both.

298 4180 474 4248 abellia.
492 4203 590 4269 quam
611 4203 730 4247 uocem
750 4182 805 4268 qui
826 4181 925 4246 etiam
940 4182 1084 4247 Horatio
1105 4182 1286 4248 restituere
1305 4181 1434 4250 661116.
1454 4181 1469 4246 1
1492 4185 1537 4248 16
1592 4183 1787 4248 6116616666
1800 4179 1943 4244 Wolfius
1961 4180 2082 4246 111ιὶ161.

297 4283 415 4352 XVlll
434 4309 466 4374 p.
488 4287 560 4350 767
583 4283 725 4375 (1866)
747 4284 884 4375 Orphea
904 4277 1027 4351 1161ιῖ66
1045 4313 1088 4346 =
1105 4284 1229 4367 611666,
1259 4309 1325 4352 666
1347 4286 1429 4352 61611
1449 4287 1547 4352 otiam
1567 4288 1737 4353 Senecam·
1751 4284 1983 4372 respicientem
2003 4283 2083 4349 illud

298 4389 518 4456 Horatianum
551 4387 607 4454 Η1.
641 4411 674 4454 6.
703 4390 776 4454 576
805 4387 936 4454 dicere:
974 4391 1072 4465 Quae
1096 4393 1200 4456 allana
1225 4401 1260 4456 et
1278 4413 1360 4456 6666
1378 4411 1528 4477 saxoque
1546 4401 1694 4455 traxerat
1712 4389 1784 4461 Ara,
1804 4411 1892 4475 quaa
1918 4391 2083 4477 praebue-

297 4505 348 4560 rat
363 4491 551 4559 fluminibus
567 4515 689 4574 moras,
707 4490 750 4558 66
770 4492 863 4558 66166
882 4493 1025 4559 sonitum
1045 4493 1266 4560 constiterant
1284 4493 1388 4575 16666,
1410 4505 1444 4560 61
1461 4495 1536 4560 ΗΟ.
1558 4515 1588 4558 u.
1603 4494 1717 4558 105⁴:
1737 4491 1789 4556 Ad
1809 4501 1926 4557 cantus
1947 4492 2084 4558 ueniunt

297 4619 377 4660 suos
397 4601 480 4682 rpsr's
499 4619 569 4663 cam
588 4597 724 4662 latebris
743 4594 846 4664 16166.

405 4727 531 4793 Ν66616
565 4748 641 4792 num
675 4725 836 4792 acciderit
867 4748 968 4806 6666,
1005 4723 1097 4813 quod
1123 4728 1319 4815 pracsertim
1355 4727 1385 4790 in
1420 4723 1586 4814 sapphicis
1622 4727 1821 4794 carminibus
1844 4737 1895 4790 tot
1924 4725 2084 4810 syniaesia

303 4829 455 4918 exempla
471 4831 706 4896 inueniuntur.
741 4852 814 4895 nam
841 4851 948 4918 pauca
976 4844 1052 4897 sunt
1077 4827 1986 4921 66666166166166611616616666616666116166661.
2031 4829 2082 4896 Ειι

297 4932 517 5022 asclepiadeis
539 4956 638 5000 unum
657 4944 785 4999 tantum
806 4934 989 5000 adscribam
1010 4957 1120 5023 neque
1139 4933 1173 4999 id
1193 4935 1280 5032 omni
1295 4934 1483 5021 suspicione
1501 4934 1662 5000 liberum:

680 5061 854 5154 Effugient
873 5077 907 5130 et
925 5062 1048 5129 liberos
1072 5059 1078 5159 Ι
1102 5063 1205 5130 libers
1225 5087 1313 5130 mors
1334 5075 1436 5130 uocet
1506 5068 1569 5154 Ag.
1592 5065 1665 5131 589

2360 4793 2373 4858 1

2348 4997 2361 5010 .¹
2369 4936 2390 5019 ij

2340 5199 2348 5228 ¹,
2370 5192 2383 5219 Γ

2340 5257 2386 5300 ἐς.

2340 5298 2386 5355 ’ᾗ
