4780 5746
1193 372 1216 438 4

1054 465 1357 484 *n———-

418 617 466 683 Et
498 618 601 705 primo
636 614 770 703 quidem
804 623 988 702 conspectu
1021 627 1137 680 nostro
1162 613 1248 694 iure,
1285 635 1386 701 quum
1419 625 1470 678 tot
1495 635 1615 679 uersus
1640 613 1828 703 profuderit
1853 616 1982 682 Seneca
2015 615 2100 680 11111-

315 721 479 810 gcrrimos
512 719 690 808 sapphicos
721 715 954 806 asclepiadeos
978 714 1182 806 glyconeos,
1216 727 1250 782 et
1277 715 1336 781 bos
1365 739 1481 783 uersus
1507 719 1614 783 bonos
1643 741 1717 784 esse
1744 718 1892 784 dicemus
1918 730 1952 785 et
1978 743 2100 785 secun·

317 822 395 890 dum
421 826 546 889 firmam
570 824 852 910 constitutamque
870 821 980 910 legem
999 818 1161 886 formatos
1180 842 1221 886 cx
1241 821 1356 907 eisque
1377 821 1488 906 potius
1508 821 1551 887 de
1570 823 1730 909 syniacsis
1750 835 1868 888 natura
1889 821 1992 888 luisse
2011 824 2099 889 iudi·

317 926 460 994 candum
487 950 584 1016 quam
610 927 793 994 rationibus
812 923 1020 1015 prosodiae-is
1040 938 1167 990 temere
1186 925 1373 990 constitutis
1395 947 1550 991 uersuum
1572 926 1772 992 euertendas
1791 927 1948 992 rationes.
2001 929 2099 1018 Quae

317 1033 401 1096 cuim
423 1055 463 1098 ex
483 1036 735 1121 Agamemnone
756 1031 808 1120 (u.
830 1030 902 1096 617
932 1028 1006 1094 630
1035 1029 1109 1095 809
1138 1029 1211 1094 846
1241 1029 1335 1114 850)
1363 1027 1404 1092 ad
1426 1027 1548 1115 dactyli
1568 1030 1830 1096 contractionem
1853 1029 2098 1097 defendendam

316 1133 531 1222 proferuntur
551 1133 702 1224 exempla
722 1132 798 1199 nibil
817 1134 856 1198 iis
875 1133 1048 1220 probatur,
1077 1152 1178 1219 quum
1201 1128 1310 1197 adbuc
1328 1130 1507 1197 carminum
1528 1135 1785 1222 Agamemnonis
1806 1132 1998 1222 Oedipique
2018 1158 2098 1201 con-

316 1238 398 1304 ditio
424 1241 467 1304 sit
492 1240 648 1306 obscura.
703 1234 937 1326 Supersedere
961 1237 1063 1323 igitur
1088 1257 1221 1324 possum
1250 1230 1366 1301 labore
1388 1237 1429 1301 B.
1451 1235 1624 1302 Schmidtii
1650 1237 1714 1314 (de
1734 1237 2015 1304 emendandarum
2035 1241 2096 1304 Se-

317 1365 421 1408 necae
454 1341 706 1432 tragoediarum
746 1340 929 1408 rationibus
956 1338 1161 1426 prosodiacis
1185 1352 1221 1404 ct
1245 1339 1399 1405 metricis.
1453 1340 1604 1405 Berolini
1629 1343 1715 1430 typis
1741 1343 1784 1408 G.
1810 1341 1942 1432 Lange.
1979 1344 2097 1430 18611)

316 1447 513 1512 sententiam
540 1444 714 1512 refellendi
747 1468 844 1532 quam
868 1443 987 1533 iogicis
1013 1442 1144 1533 legibus
1170 1465 1309 1532 prorsus
1336 1442 1500 1533 neglectis
1528 1442 1617 1534 (uid.
1646 1469 1677 1532 p.
1707 1448 1728 1512 6
1754 1445 1830 1511 roll.
1858 1470 1931 1512 cum
1964 1471 1997 1536 p.
2027 1450 2094 1537 72)

316 1551 481 1637 corruptis
502 1551 640 1614 maxime
676 1549 737 1613 illis
759 1549 908 1613 uersibus
927 1545 1045 1612 fulcire
1064 1561 1213 1613 conatur.

419 1683 476 1762 (al
496 1679 680 1745 Licentiom
700 1678 786 1744 illam
807 1677 968 1764 tragicam
979 1678 1132 1742 Senecae
1153 1674 1584 1742 obiritLucianuslllucller
1602 1700 1633 1765 p.
1647 1679 1730 1744 164.
1751 1676 1812 1768 (11.
1830 1703 1860 1766 p.
1878 1681 1970 1746 259:
1989 1704 2097 1764 „nun-

314 1805 409 1870 quam
437 1783 596 1850 Lucanus
622 1795 656 1850 et
682 1785 813 1848 Seneca
841 1787 856 1846 r'
879 1780 933 1848 uel
959 1804 980 1847 u
1009 1791 1177 1846 mutarunt
1201 1781 1232 1844 in
1260 1785 1475 1846 consonam.“
1528 1778 1693 1847 Defendit
1718 1795 1828 1849 tamen
1855 1807 1889 1872 p.
1916 1786 1990 1850 272
2020 1808 2095 1852 cum

313 1885 497 1954 Schmidtio
516 1911 548 1976 p.
572 1889 617 1953 13
646 1898 763 1953 contra
781 1883 938 1952 Bothium
965 1885 1036 1950 sua
1046 1896 1118 1973 pte
1144 1882 1275 1950 duobus
1304 1881 1437 1972 syllabis
1457 1884 1710 1972 pronunciatum
1736 1910 1754 1950 a
1782 1898 1883 1974 poeta
1909 1891 1972 1978 Ag.
1998 1889 2094 1979 250)

312 1991 432 2076 quibus
460 2003 567 2056 tamen
594 1990 648 2055 illa
677 2013 770 2056 usum
799 2013 873 2056 esse
899 1990 1062 2055 Senecam
1091 1985 1298 2054 demonstret
1331 1987 1394 2052 alia
1424 1989 1575 2077 exempla
1608 2013 1672 2056 non
1702 1990 1812 2057 attulit
1848 2014 1958 2078 neque
1984 1995 2095 2080 potuit

312 2094 444 2160 afferre.
501 2094 658 2160 Similiter
676 2092 878 2160 Schmidtius
905 2091 1031 2159 iudicat
1056 2114 1256 2180 quamquam
1276 2091 1308 2158 in
1328 2091 1456 2180 aliquot
1476 2093 1629 2160 uersibus
1648 2094 1903 2182 pronunciando
1924 2096 2093 2164 metricum

311 2196 391 2262 illud
412 2199 526 2265 uitium
547 2198 727 2285 exaequari
746 2211 848 2286 atque
866 2196 1011 2287 mitigari
1030 2219 1130 2284 posse
1149 2194 1305 2262 concedit
1328 2220 1361 2285 p.
1383 2199 1401 2260 7
1409 2198 1430 2261 2
1452 2220 1517 2264 non
1538 2196 1655 2264 uideus
1674 2196 1736 2264 bac
1755 2199 1826 2288 ipsa
1846 2202 1876 2265 in
1897 2221 1933 2265 re
1952 2201 2094 2286 positam

313 2324 387 2368 esse
413 2303 577 2390 synizesin
604 2326 716 2390 neque
743 2301 912 2370 exclusam
938 2300 1026 2367 illam
1052 2301 1182 2367 ueniam
1203 2301 1243 2365 ab
1263 2298 1312 2365 bis
1332 2302 1538 2391 Porrlrusjne
1558 2303 1745 2392 Hesperjoe
1764 2305 1864 2394 norjr'.
1920 2307 2008 2370 Sane
2028 2327 2092 2370 non

312 2418 404 2471 extat
422 2407 512 2495 apud
532 2407 706 2474 Lucanum
732 2413 748 2472 r'
771 2417 806 2472 et
830 2431 851 2472 u
878 2405 1045 2488 duratum,
1071 2403 1133 2470 sed
1153 2415 1245 2470 extat
1263 2403 1345 2469 illud
1365 2403 1454 2491 apud
1474 2407 1626 2471 Persium
1650 2407 1839 2473 luuenalem
1858 2408 1973 2474 Silium
1995 2407 2093 2473 Vale-

310 2507 393 2574 rium
414 2510 573 2577 Flaccum
595 2509 762 2576 Manilium
783 2508 1015 2590 Columellam,
1041 2508 1104 2574 lroc
1125 2507 1211 2600 apud
1231 2507 1347 2572 Silium
1366 2509 1507 2573 Statium
1526 2509 1677 2575 Persium
1699 2509 1861 2576 Valerium
1882 2511 2042 2578 Flaccum
2057 2507 2092 2600 ¹).

309 2611 358 2677 Et
384 2609 508 2679 uocalis
536 2614 670 2700 quidem
690 2615 721 2679 in
741 2625 979 2680 consonantem
1000 2624 1125 2678 mutata
1145 2611 1352 2700 superiorem
1371 2611 1531 2698 syllabam
1551 2613 1687 2678 breuem
1707 2637 1829 2701 saepe,
1862 2639 1926 2682 non
1947 2639 2092 2703 semper,

310 2714 477 2804 producit,
511 2717 603 2804 quod
629 2739 730 2805 quum
757 2717 788 2782 111
813 2718 961 2804 quinque
987 2739 1071 2804 quos
1100 2714 1336 2802 adscripsimus
1364 2715 1515 2782 uersibus
1543 2717 1614 2781 6111
1632 2717 1849 2801 inueniamus,
1882 2721 1913 2786 in
1935 2743 1974 2786 co
1995 2720 2093 2785 etiam

309 2819 418 2887 inesse
439 2821 639 2910 praesidium
660 2819 829 2909 quoddam
849 2833 927 2909 puto
948 2831 1085 2887 nostrae
1105 2818 1279 2906 opinionis,

415 2949 477 3039 (d)
509 2953 758 3017 Consonantem
787 2955 802 3014 ι’
825 2970 967 3034 unquam
994 2947 1025 3012 in
1056 2945 1205 3012 uocalem
1232 2945 1374 3012 solutam
1400 2959 1504 3035 negat
1523 2946 1726 3014 Schmidtius
1747 2973 1778 3037 p.
1803 2953 1860 3016 16.
1916 2953 2035 3018 Verum
2060 2968 2093 3020 ut

309 3055 449 3142 primum
483 3052 525 3119 dc
556 3056 702 3119 arrdr'ectu
732 3051 857 3118 dicam:
893 3049 1080 3117 subiciendi
1107 3049 1234 3117 lormae
1260 3050 1321 3117 nisi
1349 3048 1458 3115 soluta
1485 3065 1692 3117 consonante
1724 3053 1755 3118 in
1791 3055 1941 3120 uocalem
1975 3057 2091 3146 legun·

308 3170 373 3239 tur,
408 3179 529 3223 uereor
554 3181 595 3222 ne
621 3179 763 3247 magnus
783 3153 1024 3221 Ouidianorum
1051 3177 1207 3220 uersuum
1228 3177 1385 3220 numerus
1412 3177 1477 3219 non
1504 3169 1595 3221 recte
1621 3155 1756 3246 legatur
1781 3181 1922 3246 quorum
1943 3161 2093 3249 exempla

308 3261 360 3327 bic
386 3261 504 3327 babes:

474 3393 552 3458 lllet.
591 3391 605 3455 l
638 3391 708 3455 155
765 3387 910 3470 lulmine,
931 3398 964 3452 11
983 3387 1129 3452 excussit
1146 3387 1289 3452 serdr'cclo
1308 3386 1425 3452 Pelion
1447 3389 1555 3452 Ossae

571 3494 606 3558 11
662 3495 709 3560 68
763 3493 862 3558 'I'unc
882 3489 980 3558 etiam
1001 3513 1088 3577 quae
1106 3513 1159 3554 me
1177 3491 1333 3556 subiectis
1353 3490 1475 3578 excipit
1495 3490 1589 3556 undis

559 3597 605 3662 Vl
631 3598 704 3661 aad
758 3596 924 3682 Duraque
943 3593 1107 3661 mollierat
1124 3595 1289 3659 subrectus
1310 3593 1434 3683 ungula
1454 3592 1571 3682 glebas

538 3699 600 3764 t'lt
626 3701 699 3765 222
756 3699 911 3764 Sublimis
931 3698 1067 3785 rapitur,
1085 3699 1294 3783 subiectaque
1312 3697 1456 3764 thessala
1476 3698 1606 3786 'l'empe

627 3805 700 3868 599
754 3802 892 3890 Exiguo
914 3802 1005 3866 linxit
1023 3803 1183 3867 subiectos
1202 3803 1367 3891 sanguine
1387 3801 1514 3868 cultros

597 3959 600 3964 .
627 3907 700 3973 638
753 3905 1040 3993 Graniferumque
1060 3928 1179 3992 agmen
1199 3909 1355 3970 srrdr'ectr's
1375 3927 1537 3993 spargere
1557 3906 1587 3970 in
1609 3905 1697 3970 aruis

626 4011 698 4074 749
755 4009 857 4075 Collis
877 4033 961 4097 apex
983 4007 1082 4075 medii
1100 4011 1255 4074 sudr'ectr's
1274 4009 1421 4075 imminet
1441 4010 1527 4074 aruis

305 4161 406 4228 quum
426 4161 491 4205 non
512 4137 662 4204 offendat
686 4138 884 4205 subiecta
905 4139 1006 4204 tribus
1026 4137 1157 4226 syllabis
1178 4140 1299 4204 elatum
1320 4139 1350 4203 in
1371 4138 1453 4203 boc:

620 4269 699 4334 Met.
721 4267 785 4334 Vll
806 4269 879 4334 304
936 4269 1021 4356 Spes
1049 4279 1099 4332 est
1120 4267 1306 4358 uirginibus
1325 4266 1418 4332 Pelia
1438 4267 1638 4333 subiecta
1659 4265 1779 4331 creatis

304 4397 435 4473 Quodsi
453 4420 520 4463 non
540 4396 682 4464 Ouidius
702 4399 774 4487 ipsc
794 4411 828 4465 ut
844 4399 867 4489 j
896 4409 1086 4464 uerteretur
1104 4397 1135 4462 in
1158 4399 1307 4464 uocalem
1327 4397 1487 4474 instituit,
1526 4410 1634 4464 tamen
1654 4397 1709 4483 qui
1731 4409 1864 4484 postera
1885 4393 1996 4463 aetate
2018 4400 2087 4463 cius

302 4502 464 4593 legebant
491 4501 635 4568 carmina
663 4501 815 4569 lecerunt
844 4501 935 4590 quod
963 4511 1104 4571 metrum
1130 4502 1262 4568 iuberet
1290 4514 1324 4566 11
1353 4525 1392 4565 cx
1419 4501 1574 4589 analogia
1603 4513 1704 4587 atque
1731 4500 1847 4566 literae
1875 4503 1945 4566 eius
1971 4513 2087 4566 natura

303 4606 559 4673 concederetur.

299 4782 606 4795 μ

392 4883 414 4967 ¹)
438 4890 562 4962 Exempla
586 4888 697 4960 collegit
719 4887 847 4942 bucinnos
871 4887 979 4942 llueller
1001 4905 1026 4958 11.
1052 4881 1114 4942 'ltili
1146 4893 1173 4942 et
1195 4889 1235 4944 Fr.
1262 4887 1463 4944 Borbcmueller
1486 4890 1519 4944 de
1543 4887 1656 4943 elisione
1680 4896 1731 4943 etc.
1756 4905 1846 4960 progr.
1871 4887 2001 4960 gymnasii
2024 4889 2087 4944 Sta·

301 4973 393 5032 densis
419 4971 508 5042 1860,
533 4972 576 5045 qui
600 4975 633 5030 de
656 4973 745 5028 trerbis
768 4990 825 5028 cnm
849 4971 932 5027 serni
957 4973 1113 5045 compositis
1138 4971 1248 5044 aliisque
1272 4974 1358 5029 multis
1382 4991 1433 5029 non
1457 4981 1530 5030 racto
1554 4973 1660 5032 iudicat.
