4780 5746
1077 1063 1222 1145 VII.

361 1263 428 1326 iam
455 1259 617 1326 absolutis
640 1258 684 1324 de
712 1260 832 1346 quibus
860 1256 1009 1322 dicturus
1035 1279 1126 1323 erarn
1153 1257 1332 1321 carminum
1355 1257 1537 1345 generibus
1556 1257 1790 1325 accedendum
1809 1271 1882 1326 erat
1901 1259 1945 1326 ad
1964 1281 2042 1327 ean·

254 1367 323 1432 tica
349 1365 404 1430 iiia
433 1386 520 1450 quae
541 1361 662 1448 Oedipi
684 1361 1011 1451 Agamemnonisque
1029 1357 1149 1426 fsbniis
1168 1361 1366 1446 interposita
1387 1361 1540 1450 tegimus.
1599 1364 1682 1428 Nam
1703 1386 1901 1450 quamquam
1921 1375 2043 1451 poetae

258 1487 360 1537 artem
380 1467 413 1534 in
429 1465 648 1556 anapaesticis
668 1487 806 1551 quoque
822 1465 1018 1530 carminibus
1039 1487 1137 1550 quam
1157 1464 1211 1529 ilie
1229 1463 1421 1530 adbibuerit
1441 1465 1674 1554 exponendam
1692 1467 1944 1546 arbitrabamur,
1959 1481 2042 1533 tem-

257 1595 320 1660 pus
350 1587 459 1639 tamen
491 1570 522 1636 in
549 1568 602 1636 iiia
627 1567 816 1655 inquirendi
844 1591 910 1634 non
939 1569 1142 1656 suppetebat
1169 1581 1202 1634 et
1227 1591 1312 1655 quae
1338 1567 1381 1634 de
1408 1570 1552 1634 metricis
1579 1569 1676 1636 buius
1700 1571 1835 1660 generis
1860 1572 2043 1640 rationibus

259 1697 366 1763 nuper
391 1675 545 1761 exposuit
573 1675 610 1740 Β.
631 1670 834 1739 Schmidtius
860 1672 1017 1738 sufficere
1045 1671 1255 1737 uidebantur.
1314 1673 1434 1737 Verum
1460 1694 1524 1739 non
1552 1673 1732 1740 tacendum
1759 1686 1811 1741 est
1837 1697 1938 1742 unum
1964 1676 2043 1742 artis

258 1802 339 1845 snae
371 1775 579 1868 exemplum,
613 1775 747 1863 dequo
773 1791 950 1865 postquam
981 1773 1243 1841 iucuientissirne
1272 1776 1323 1842 uir
1348 1775 1548 1841 clarissimus
1575 1776 1831 1844 Fridericus
1856 1779 2043 1844 Hessius

258 1880 549 1948 Miscellaneorum
568 1877 848 1970 philologicorum
869 1879 940 1944 iibri
962 1878 1011 1943 111
1031 1880 1099 1944 c.V
1120 1877 1287 1956 disseruit,
1306 1878 1348 1943 ad
1368 1878 1620 1968 perpoliendam
1640 1880 1759 1948 cantici
1777 1879 1915 1946 formam
1935 1903 2044 1971 pauca

258 1983 423 2074 quaedam
439 1995 523 2072 puto
539 1982 625 2049 edici
641 2006 749 2071 posse.
789 1984 853 2050 Est
868 1993 979 2049 autem
993 1982 1193 2050 'l'roadum
1208 2004 1370 2050 carmen
1387 1985 1402 2048 1
1418 1984 1472 2049 ubi
1488 2007 1574 2071 quae
1586 1985 1745 2051 Hecubae
1761 1983 1920 2051 darentur
1935 1984 2044 2051 omnia

257 2089 289 2155 in
309 2087 399 2154 tibris
419 2113 439 2154 o
458 2115 489 2154 o.
513 2089 584 2154 102
604 2109 704 2174 nsque
723 2090 768 2152 ad
786 2112 815 2151 u.
841 2087 925 2168 116,
945 2086 1139 2151 Gronouius
1160 2103 1295 2173 recepta
1314 2088 1349 2153 E
1367 2086 1511 2152 lectione
1537 2086 1658 2154 cadr't
1677 2103 1711 2156 et
1729 2095 1845 2178 tegit
1867 2089 1915 2154 sic
1935 2088 2045 2156 distri·

256 2192 331 2260 buit
346 2193 436 2259 inter
454 2189 612 2268 Troades
632 2202 667 2256 et
686 2190 852 2279 reginam:
881 2190 941 2256 Cb.
962 2189 1129 2255 Soluimns
1151 2229 1197 2238 —·
1218 2213 1286 2256 oro.
1341 2191 1425 2256 Hrc.
1452 2190 1628 2279 Compiete
1647 2231 1697 2242 -
1717 2193 1805 2258 iicet.
1863 2193 1924 2258 Cb.
1944 2190 2045 2258 Cadit

258 2336 308 2347 —
328 2296 423 2362 intus.
483 2295 565 2360 Hoc.
585 2293 655 2359 lam
675 2294 762 2360 nuda
789 2334 823 2342 -
851 2294 1002 2359 Hectora
1022 2294 1148 2360 flemus.
1168 2331 1218 2346 --
1240 2293 1516 2382 Aequabiiitatem
1537 2295 1689 2362 carminis
1710 2297 1814 2384 probe
1834 2294 2043 2361 demonstro·

259 2411 324 2465 tam
346 2400 531 2465 restituisse
550 2396 610 2463 sibi
631 2398 721 2462 uisus
741 2413 790 2464 est
811 2397 869 2460 Fr.
886 2398 1030 2463 Haasius
1051 2399 1259 2487 transpositis
1278 2412 1354 2487 post
1374 2422 1405 2464 u.
1428 2401 1474 2466 85
1495 2398 1655 2488 (pulnere
1675 2412 1791 2488 turpes
1806 2399 1876 2489 -)
1897 2398 1946 2464 his
1965 2421 2041 2464 uer-

259 2503 351 2568 sibus
371 2502 426 2590 qui
446 2502 516 2568 sine
537 2499 637 2566 dubio
659 2513 737 2566 sunt
756 2501 937 2567 Hecubae:

652 2638 827 2723 Compiete
847 2661 971 2702 manus.
1028 2639 1105 2702 Hoc
1125 2662 1164 2704 err
1185 2641 1291 2705 'Proin
1345 2641 1536 2726 Sumpsisse
1556 2641 1642 2706 iicet.

258 2799 332 2842 nam
365 2774 542 2861 quominus
563 2773 748 2840 restitutam
769 2796 906 2859 prorsus
934 2771 1111 2838 credamus
1139 2795 1240 2860 quum
1267 2773 1418 2861 responsi
1439 2775 1534 2861 teges
1555 2777 1687 2864 abipso
1708 2778 1948 2865 pronuneistae
1967 2801 2043 2866 pro-

259 2878 371 2944 bibent
394 2891 463 2944 turn
491 2879 588 2944 etiam
616 2877 777 2943 dubitatio
805 2899 880 2944 nuru
907 2890 998 2942 recte
1020 2875 1214 2943 Gronooius
1241 2887 1390 2943 contra
1413 2877 1589 2944 codices
1617 2900 1649 2944 u.
1673 2881 1890 2944 liiii-liti
1912 2878 2044 2945 dederit

260 2982 477 3049 Hecubae,
534 2980 621 3044 Satis
650 2981 806 3065 equidem
825 2993 908 3067 puto
929 2981 1137 3065 transpositis
1155 2979 1216 3044 iiiis
1236 2982 1387 3047 uersibus
1407 3004 1494 3047 cum
1514 2982 1721 3048 Hecubae
1741 2984 1924 3062 nomine,
1951 2983 2044 3070 quod

260 3083 335 3149 nihii
355 3084 421 3148 bac
439 3083 594 3171 pertinet,
628 3083 730 3146 choro
759 3085 866 3147 omnia
887 3104 974 3168 quoe
994 3083 1080 3147 inter
1101 3105 1131 3147 u.
1154 3085 1201 3148 98
1222 3098 1255 3145 et
1278 3085 1349 3149 116
1369 3085 1529 3172 leguntur
1549 3086 1746 3160 continuari,
1778 3109 1845 3172 quo
1867 3087 1950 3151 duas
1970 3109 2045 3174 par-

258 3201 310 3253 tes
337 3187 435 3276 plane
457 3187 544 3252 inter
567 3209 605 3250 se
630 3184 870 3272 respondentes
898 3185 1079 3274 accipimus
1105 3199 1139 3251 et
1157 3186 1328 3252 sententiis
1355 3200 1388 3251 et
1407 3209 1565 3253 uersuum
1593 3211 1733 3256 numero
1761 3213 1896 3255 -nam
1918 3193 2044 3255 neboc

259 3290 391 3377 quidem
412 3289 475 3358 erit
494 3289 744 3378 neglegendum
767 3327 814 3340 --
834 3301 911 3355 sunt
931 3304 1041 3356 autem
1063 3290 1232 3376 utrimque
1252 3289 1386 3356 XXXil
1407 3291 1603 3357 monometri
1618 3287 1668 3381 ¹):

748 3428 903 3490 Hecubae
923 3427 1087 3492 83-97
1144 3455 1186 3484 =
1240 3428 1341 3491 Chore·
1361 3429 1555 3491 98-116

259 3566 501 3654 Responsionis
521 3562 707 3650 exemplum
727 3563 853 3628 initium
875 3575 947 3627 esto
968 3578 1001 3627 et
1020 3564 1112 3629 finis:

591 3701 675 3766 Hec.
705 3702 836 3768 Soiuite
855 3702 977 3766 crinem
1000 3739 1049 3752 --
1204 3698 1263 3765 Cb.
1292 3700 1461 3766 Suiuimus
1482 3747 1488 3760 .
1509 3751 1516 3765 .
1538 3701 1686 3767 ‚crinem

591 3804 676 3868 Hes.
707 3804 849 3870 Solitum
868 3805 971 3870 flendi
1205 3802 1264 3869 Cb.
1295 3805 1371 3870 Non
1392 3825 1465 3869 sum
1485 3803 1585 3868 soiito

584 3953 588 3956 -
707 3909 828 3973 uincite
849 3931 984 3974 morem.
1292 3907 1460 3974 Contenta
1479 3930 1575 3974 sono.

707 4013 858 4077 Hectora
878 4013 1004 4076 flemus.
1285 4011 1439 4078 Hectora
1458 4012 1585 4078 flemus.

259 4151 402 4217 Hecuba
420 4148 524 4236 igitur
541 4162 719 4235 postquam
739 4173 771 4216 u.
794 4153 840 4214 tit
863 4151 1006 4215 tamenta
1027 4147 1080 4214 edi
1102 4163 1136 4214 et
1154 4148 1239 4215 iusta
1259 4151 1384 4217 'l'roiae
1404 4149 1517 4216 iecere
1535 4151 1630 4216 iussit
1650 4149 1817 4226 mulieres,
1850 4146 1926 4213 iliae
1945 4169 2044 4236 pora·

257 4265 309 4322 tas
333 4275 409 4319 sese
432 4251 549 4318 dicunt
567 4249 610 4316 ad
630 4250 814 4341 lugendum
835 4255 986 4320 tta-82
999 4247 1035 4333 ¹¹)
1053 4269 1096 4322 et.
1116 4253 1208 4339 quod
1228 4254 1384 4320 dixerunt
1404 4276 1434 4318 u.
1456 4257 1503 4320 80
1524 4254 1771 4340 „miseramque
1790 4250 1878 4334 leuc,
1912 4251 2043 4341 regina,

257 4351 421 4435 munum,“
454 4353 558 4420 docet
575 4353 630 4419 iiia
649 4355 726 4442 quid
747 4359 788 4422 sit
807 4357 995 4423 faciendam
1016 4369 1051 4423 et
1069 4355 1240 4443 quomodo
1260 4357 1445 4446 lugendum
1466 4359 1512 4424 83
1526 4359 1628 4420 -97
1652 4369 1687 4422 et
1710 4355 1857 4445 „nuigus
1877 4355 2045 4422 dominam

258 4460 323 4525 uile
342 4460 519 4545 sequitur“
541 4459 741 4525 trs-lto.
797 4460 866 4524 Iam
893 4473 1067 4548 postquem
1095 4460 1229 4526 edocuit
1249 4459 1303 4526 iiie
1323 4485 1434 4526 mores
1462 4460 1650 4547 modosque
1680 4459 1859 4549 plangendi
1884 4458 2043 4525 feminae-

254 4617 560 4631 nom-uuun-

346 4709 372 4782 ¹)
394 4715 507 4770 dclends
523 4723 566 4770 est
587 4728 640 4770 uox
663 4719 718 4771 tua
741 4731 817 4786 qoam
842 4718 936 4772 trustra
959 4717 1115 4774 monomatri
1139 4723 1239 4789 partem
1263 4733 1323 4772 esse
1346 4717 1430 4772 notuit
1448 4713 1657 4776 Anotoonscvric
1679 4717 1730 4772 iste
1753 4715 1892 4787 corrigens
1914 4717 1954 4771 sic
1978 4733 2042 4772 usr-

255 4801 381 4860 siorrtun:
405 4815 554 4871 „exprome
577 4801 655 4856 doior
674 4799 797 4875 furiose
818 4802 908 4856 tuns.“

343 4911 466 4992 ¹ipsimi
489 4927 517 4974 st
531 4919 621 4992 ¹ultimi
643 4935 738 4974 uersus
760 4921 910 4977 sententiae
932 4937 1025 4992 pares:
1048 4919 1122 4978 Non
1144 4918 1220 4980 rude
1243 4923 1338 4992 uuigns
1361 4920 1538 4992 Lacrimisqne
1561 4937 1656 4977 nouum
1680 4921 1784 4992 ingere
1807 4919 1883 4976 iubes
1905 4949 1944 4962 -
1970 4915 2043 4976 Noti

252 4997 403 5064 indociles
423 5005 518 5076 lugere
539 5019 639 5061 snmus.
671 5020 722 5075 qus
745 5004 780 5060 de
800 5021 831 5062 re
853 5004 907 5062 nid.
926 5004 1014 5064 iisasii
1037 5006 1126 5064 uerba.
