4780 5746
1105 993 1183 1075 ΙΙ.

353 1181 453 1250 Haec
478 1181 652 1248 habuimus
680 1180 723 1248 de
749 1182 886 1273 singuiis
915 1184 1079 1251 uersibus.
1128 1155 1294 1251 Addenda
1319 1196 1396 1251 sunt
1423 1163 1522 1274 quae·
1539 1183 1581 1252 de
1601 1185 1780 1254 carminum
1799 1187 2035 1277 sapphicorum

252 1286 493 1377 compositione
514 1286 627 1376 doque
645 1284 773 1353 adoniis
792 1286 946 1353 immixtis
962 1286 1226 1355 obseruauimus.

396 1417 423 1485 1.
451 1417 585 1485 Desunt
603 1416 714 1484 adonii
734 1416 767 1483 in
786 1415 835 1482 his
854 1417 1053 1483 carminibus
1173 1414 1234 1484 Hi.
1255 1417 1460 1486 830-874
1479 1418 1688 1510 (sequuntur
1706 1419 1884 1510 glyconei)

1169 1519 1272 1611 Hipp.
1293 1521 1497 1590 sat-324
1519 1519 1756 1611 (continuatur
1774 1522 1983 1615 anapaestis)

1171 1623 1271 1714 Hipp.
1295 1623 1549 1693 llas-1153
1566 1623 1793 1716 (antecedunt
1810 1627 1903 1694 uaria
1918 1638 2036 1712 metra,

1280 1741 1467 1815 sequuntur
1484 1726 1623 1796 trimetri
1642 1728 1763 1818 quihus
1779 1752 1885 1798 nouus
1899 1744 2037 1821 paratur

381 1929 430 2002 11.
460 1928 638 2000 Adduntur
658 1929 783 2022 singuli
801 1930 912 1996 adonii
1280 1829 1409 1922 actus.)

455 2052 495 2142 a)
525 2048 666 2119 adonius
685 2051 717 2118 in
737 2051 803 2118 fine
823 2051 975 2118 carminis
994 2053 1122 2142 positus
1166 2052 1253 2132 ΗΟ.
1277 2052 1531 2122 1518-1606
1552 2055 1685 2146 (finitur
1703 2053 1817 2146 actus)

1171 2155 1258 2244 Thy.
1278 2157 1483 2224 546-622
1502 2159 1635 2238 (finitur
1652 2159 1770 2249 actus)

455 2256 496 2347 h)
525 2257 669 2346 priorem
697 2267 825 2348 partem
850 2258 1002 2325 carminis
1029 2256 1156 2326 claudit
1181 2259 1341 2328 adonius:
1379 2259 1462 2328 Tro.
1490 2262 1707 2330 1010-56
1734 2260 1852 2351 (1021
1881 2257 2034 2328 adonius.

525 2381 557 2428 u.
580 2360 677 2428 1057
698 2361 813 2452 incipit
831 2384 940 2429 nouus
960 2361 1090 2451 actus).

454 2481 492 2571 c)
519 2492 648 2569 portem
675 2493 710 2550 et
732 2483 877 2571 priorem
903 2492 938 2550 et
955 2483 1177 2572 posteriorem
1196 2479 1357 2550 claudunt
1374 2480 1486 2549 adonii
1505 2482 1609 2573 Hipp.
1630 2483 1846 2552 roo-752
1875 2480 1971 2573 (740
1999 2495 2034 2552 ct

525 2587 599 2652 752
618 2584 743 2656 adonii.
787 2597 976 2674 sequuntur
994 2583 1229 2676 asclepiadei.)

250 2713 290 2777 ln
316 2709 366 2776 his
390 2710 494 2800 igitur
520 2713 658 2779 canticis
686 2714 925 2782 continuantur
949 2713 1099 2804 sapphici
1126 2736 1293 2802 nunquam
1314 2728 1369 2781 aut
1387 2736 1464 2782 raro
1484 2737 1594 2803 neque
1612 2713 1647 2782 id
1666 2727 1758 2783 certa
1777 2716 1857 2806 iege
1874 2717 2032 2783 breuiore

251 2834 354 2880 uersu
371 2813 547 2903 interrupti
565 2825 624 2883 aut
641 2814 758 2883 ciausi.

361 2933 427 3002 111.
457 2933 657 3023 Composuit
681 2949 791 3004 tamen
818 2951 920 3027 poeta
945 2935 1043 3004 etiarn
1070 2937 1215 3003 carmina
1238 2935 1381 3027 atrophia
1399 2936 1521 3004 iterato
1540 2933 1774 3027 sapphioorum
1793 2959 1931 3006 numero
1951 2961 2032 3008 oon·

452 3038 615 3105 stantibus
633 3060 771 3128 quarum
792 3041 974 3128 unicuique
992 3039 1127 3105 additus
1147 3053 1196 3106 sat
1215 3036 1367 3108 adonius.

355 3177 385 3223 a.
438 3157 524 3224 'rate
544 3170 597 3227 est
615 3181 749 3226 carmen
768 3158 860 3247 qood
881 3158 1005 3250 iegitur
1024 3156 1111 3225 Med.
1131 3159 1348 3226 579-669
1370 3161 1402 3225 ἰιι
1422 3181 1490 3248 quo
1509 3173 1748 3249 quaternorum
1768 3183 1927 3230 uersuum
1944 3176 2032 3230 stro·

249 3258 331 3350 phas
350 3269 481 3348 septem
499 3275 685 3352 sequuntur
703 3263 851 3352 quinque
869 3260 1028 3352 strophae
1047 3261 1188 3330 nouenis
1208 3273 1401 3329 constantes
1419 3263 1582 3331 uersibus.
1622 3271 1648 3332 Α
1669 3288 1770 3332 uersu
1791 3264 1935 3353 denique
1955 3266 2030 3333 652

250 3363 428 3452 usquead
454 3383 487 3429 u.
514 3367 588 3432 669
646 3369 691 3433 17
719 3365 869 3456 sapphici
894 3365 1056 3457 leguntur
1081 3387 1148 3431 uno
1172 3364 1297 3433 adonio
1325 3388 1358 3432 u.
1387 3367 1460 3433 669
1488 3363 1603 3434 clausi.
1666 3369 1795 3435 Versus
1817 3378 1927 3434 tarnen
1955 3369 2030 3436 660

249 3469 430 3554 Poirr'oque
444 3469 568 3554 pendet
585 3473 723 3536 errinine
736 3492 861 3556 poenos
909 3469 1026 3535 nrirum
1046 3467 1138 3557 quod
1158 3492 1223 3536 non
1245 3468 1362 3536 docuit
1378 3465 1536 3535 metricos
1555 3467 1719 3537 turhatam
1739 3465 1814 3537 e'sse
1833 3469 1920 3540 hanc
1938 3467 2032 3539 chori

250 3577 390 3660 partem.
444 3568 538 3640 inest
564 3583 680 3662 aperte
702 3593 820 3639 uersus
840 3572 903 3639 iste
921 3573 1059 3638 breuior
1076 3571 1246 3661 stropham
1266 3568 1425 3638 claudens
1444 3571 1679 3662 paenultimam
1698 3593 1924 3664 numerusque
1943 3586 2031 3642 stro·

249 3671 389 3762 pharum
414 3675 643 3744 restituendus
668 3677 695 3742 is
721 3699 820 3765 quem
846 3677 1080 3765 quaternarias
1104 3675 1181 3743 iliae
1206 3687 1394 3742 seruarunt.
1450 3675 1607 3742 Versibus
1631 3676 1736 3768 igitur
1758 3678 1966 3768 transpositis
1984 3678 2032 3746 ita

249 3798 373 3844 censeo
391 3773 574 3867 legendum
588 3774 635 3870 1)ι
1272 3763 1275 3770 ’

671 3884 742 3951 661
825 3879 980 3949 Fulmine
999 3891 1035 3947 et
1051 3892 1155 3970 ponto
1174 3880 1319 3948 moriens
1338 3881 1456 3950 Oileus

672 3986 777 4053 onos
822 4015 980 4039 -----
1027 3984 1203 4073 patrioque
1222 3983 1349 4073 pendet

671 4089 775 4156 6600
1026 4088 1172 4154 Crimine
1192 4110 1330 4177 poenas.

248 4197 556 4220 —---

340 4259 368 4344 ¹)
391 4263 543 4322 violentius
571 4265 684 4335 egerunt
711 4266 738 4315 et
760 4258 892 4316 Badeoius
915 4275 974 4315 cunr
997 4257 1093 4316 Bothio
1116 4259 1161 4331 qui
1183 4275 1340 4332 quamquam
1363 4260 1415 4314 hoo
1438 4257 1513 4313 metri
1536 4272 1623 4330 genus
1645 4255 1723 4312 etiam
1746 4253 1773 4312 in
1796 4255 1893 4331 Oedipi
1915 4275 1941 4315 ιι.
1966 4253 2029 4316 489

250 4350 368 4409 inuenire
391 4347 443 4408 sihi
466 4349 539 4404 uisos
562 4353 613 4417 est,
637 4344 806 4417 oneraria
829 4345 873 4400 hic
895 4345 980 4401 soloni
1004 4342 1073 4401 inter
1095 4360 1183 4401 moros
1206 4344 1348 4418 sapphiros
1370 4342 1407 4399 sit
1434 4342 1549 4416 positunr
1572 4339 1761 4398 Aaoeusiaoarn
1777 4340 1920 4400 lectionem
1949 4342 2029 4414 „cri-

251 4435 313 4494 mini
335 4451 436 4510 poonas
465 4433 552 4506 patrio
580 4429 734 4505 pependit“
762 4429 894 4502 praefert,
924 4436 951 4484 et
972 4428 1101 4502 Lucienus
1123 4429 1234 4486 iiuelier
1254 4430 1299 4502 qui
1321 4448 1348 4503 p.
1372 4423 1475 4485 1191.
1499 4427 1517 4482 Ι.
1540 4443 1588 4500 pro
1611 4426 1701 4482 usrhis
1726 4426 1895 4506 patrioque
1912 4425 2031 4503 pendet

250 4539 277 4578 c.
296 4538 331 4598 p.
353 4512 519 4596 „apertc(‘?)
542 4517 660 4590 glossam
683 4514 899 4572 continentibus“
921 4513 1084 4570 substituere
1105 4515 1162 4571 uuit
1184 4515 1257 4571 uolut
1278 4511 1405 4571 crimine
1428 4509 1550 4569 amoris.
1565 4539 1609 4553 —-
1627 4511 1655 4568 {n
1680 4516 1829 4569 transcursu
1853 4512 1929 4568 eiiam
1951 4513 2030 4569 iuius

251 4606 346 4664 cantici
369 4604 489 4662 mendam
512 4603 607 4660 tollere
629 4600 718 4657 licoat.
764 4599 916 4672 iegendunt
940 4605 983 4656 eat
1005 4598 1073 4654 eoin
1097 4615 1132 4656 ex
1154 4597 1257 4656 codicis
1279 4596 1424 4656 Florentini
1445 4594 1570 4669 uestigiis
1593 4613 1618 4652 u.
1642 4591 1704 4653 652
1727 4613 1767 4669 sq.

655 4702 790 4760 idmonenr
813 4701 932 4774 quamuis
954 4701 1022 4758 hene
1046 4700 1099 4758 ista
1122 4706 1215 4757 nosset

655 4785 780 4844 condidit
799 4784 908 4865 pertis.
952 4785 1059 4858 Libycis
1080 4785 1168 4843 arenis
1191 4792 1243 4842 eto.
1266 4783 1303 4857 (E
1325 4779 1401 4860 septi,
1423 4782 1548 4856 uulgares
1570 4787 1717 4858 caperer.)

198 4861 202 4868 ⁸
249 4889 345 4950 Vstenr
367 4887 437 4946 enim
459 4905 538 4963 quam
561 4887 606 4945 aiii
629 4888 721 4946 morbo
743 4887 789 4945 aiii
811 4888 868 4962 apri
891 4885 1015 4944 dentibus
1036 4886 1082 4944 aiii
1105 4887 1238 4961 serpentis
1260 4901 1348 4944 morsu
1371 4883 1516 4942 extinctum
1539 4881 1669 4955 dicerent,
1692 4881 1788 4941 Ouidio
1809 4883 2031 4958 praeeunteiiet.

248 4969 380 5034 virttis
404 4991 575 5048 quaecunque
598 4973 690 5031 nortis
713 4988 793 5030 causa
816 4978 872 5030 erat
890 4975 1006 5047 pestem
1029 4971 1095 5029 dixit
1117 4979 1209 5046 poeta.

1778 5068 1794 5121 2
