4780 5746
1127 379 1174 444 tt

1003 481 1147 490 —.-———--—
1192 481 1302 488 --w

874 623 944 690 857
1003 622 1077 709 quis
1096 619 1385 688 credatesulemt

876 728 949 794 865
991 726 1379 814 'Gangeticumnemus

875 831 948 896 878
1002 828 1079 895 Dux
1101 828 1207 895 noctis
1227 831 1414 919 Hesperus.

259 967 311 1034 lta
349 967 433 1032 enim
469 964 615 1054 Rehdig.
659 970 703 1031 16
744 970 779 1030 11
834 966 962 1033 Vratisl.
1001 967 1054 1032 alii
1089 965 1151 1044 (ad
1185 989 1216 1031 u.
1245 969 1318 1032 866
1360 965 1511 1048 „vocula
1543 971 1592 1032 sr‘c
1629 966 1742 1031 exulat
1774 964 1902 1052 aliquot
1934 966 2044 1032 Fall.“

261 1071 461 1158 Gruterus).

369 1211 446 1274 lloo
466 1219 576 1274 autern
596 1208 729 1296 graecis
748 1207 881 1296 legibus
901 1209 1105 1295 auribusque
1125 1230 1311 1296 congruum
1333 1229 1407 1272 esse
1428 1229 1493 1272 non
1520 1206 1767 1278 contenderim.
1799 1229 1925 1297 graeca
1955 1218 2047 1274 certe

265 1310 417 1401 exempla
446 1310 685 1376 desideramus.
741 1310 800 1376 sed
828 1313 925 1377 etiam
952 1311 1106 1394 latina')‚
1132 1334 1233 1400 quare
1253 1309 1467 1376 excusandus
1486 1311 1622 1377 Delrius
1651 1312 1707 1398 qui
1734 1311 1799 1376 sic:
1838 1313 2047 1398 „Hesperus

266 1414 357 1504 quod
378 1413 587 1481 Bernardino
615 1415 737 1501 placuit
766 1436 897 1480 uersum
926 1414 1004 1480 lacit
1030 1414 1254 1481 claudicare.“
1309 1413 1378 1480 Sed
1406 1412 1458 1479 diu
1485 1427 1562 1480 ante
1582 1415 1824 1480 Laodicensem
1849 1414 2047 1480 monachum

267 1518 357 1606 quod
377 1517 575 1584 Bernardini
595 1532 686 1583 aetas
714 1516 878 1597 ostendit,
920 1518 1100 1585 emendare
1127 1531 1203 1585 sont
1230 1519 1341 1584 conati
1363 1540 1450 1606 quae
1472 1517 1634 1584 mendosa
1654 1519 1857 1585 uidebantur
1887 1529 1988 1606 utque
2008 1541 2049 1584 ea

266 1623 329 1688 iarn
351 1635 488 1712 recepta
507 1623 665 1710 leguntur
683 1623 715 1687 in
732 1622 916 1688 Basileensi
936 1622 1085 1688 editione
1105 1645 1133 1688 a.
1155 1622 1251 1688 MDL
1271 1625 1363 1704 (867
1387 1622 1575 1688 exulantem
1632 1624 1705 1689 865
1727 1645 1843 1688 nemus
1863 1619 1929 1712 sic)
1950 1645 2048 1711 prae-

267 1737 318 1791 ter
344 1749 375 1791 o.
397 1727 470 1792 818
497 1726 756 1815 (Hesperugo).
814 1727 910 1801 Quae
943 1750 1007 1793 non
1042 1748 1126 1815 opus
1154 1726 1217 1792 erit
1245 1725 1403 1806 relatore,
1433 1748 1537 1812 quum
1561 1739 1697 1815 praeter
1722 1733 1771 1791 sr'c
1800 1725 1955 1791 uoculam
1982 1748 2048 1812 qua

269 1851 300 1896 u.
328 1831 400 1894 865
430 1841 696 1916 conspurcarunt
720 1832 908 1910 (Gruterus
936 1844 1046 1896 autern
1074 1836 1107 1894 sr'
1135 1828 1285 1918 scripsit)
1313 1829 1509 1895 sententiam
1536 1830 1638 1919 ipsam
1664 1829 1819 1895 intactam
1847 1828 2046 1917 relinquant.

266 1931 344 1998 Hac
378 1943 487 1998 autem
522 1932 639 1998 uocula
665 1931 778 1999 addita
806 1957 892 2021 quac
917 1933 993 1998 nihil
1018 1933 1104 1998 inter
1131 1957 1168 1998 se
1194 1956 1368 1999 commune
1395 1933 1519 2000 habent
1544 1934 1802 2023 coniunguntur.
1866 1954 1931 1998 non
1960 1933 2046 1998 enirn

268 2034 417 2102 dicturus
444 2045 515 2101 erat
533 2049 651 2125 poeta:
689 2037 760 2117 „Ut
778 2037 873 2126 tigris
893 2060 993 2103 cursu
1011 2035 1145 2103 furente
1164 2059 1279 2102 nemus
1298 2037 1430 2118 lustrat,
1455 2036 1503 2102 sic
1523 2037 1645 2103 Medea
1663 2037 1729 2103 iras
1748 2035 1881 2103 lrennrc
1901 2036 2047 2118 nescit‚“

260 2139 321 2205 sed
341 2139 453 2228 potius
481 2140 584 2218 „Huc
602 2138 668 2204 lert
687 2139 792 2228 pedes
813 2152 846 2206 et
864 2141 941 2206 illuc
960 2151 995 2206 ut
1013 2141 1142 2230 tigris.“
1196 2141 1295 2206 Haec
1313 2141 1417 2230 igitur
1436 2163 1534 2206 unam
1554 2141 1753 2207 sententiam
1774 2140 1926 2206 afliciunt
1944 2151 2047 2227 atquc

260 2265 324 2308 nna
345 2242 486 2330 periodo
507 2243 701 2330 complexus
722 2256 773 2309 est
791 2257 908 2332 poeta:
946 2246 1025 2311 Huc
1044 2244 1110 2311 lert
1130 2283 1177 2294 -
1198 2268 1333 2322 oemunt
1365 2244 1598 2331 sequituraiia
1617 2243 1796 2334 periodus:
1827 2243 1977 2309 Frenare
1996 2281 2046 2293 -

259 2357 432 2432 sequetur.
497 2357 598 2432 atque
631 2345 790 2433 periodos
823 2349 902 2414 istas
929 2351 1008 2412 satis·
1037 2347 1208 2416 distinctas
1234 2360 1268 2414 et
1294 2359 1464 2438 separatas
1491 2347 1655 2414 uidemus.
1721 2369 1860 2434 quarum
1886 2347 1970 2413 haec
1996 2359 2048 2412 est

260 2471 393 2538 imago.-

920 2573 995 2662 115,
1104 2578 1202 2666 sos
1314 2577 1390 2668 lo,

923 2667 975 2700 a,

1108 2667 1383 2702 *manvu

937 2709 962 2770 Α
1139 2709 1167 2771 Β
1337 2711 1366 2772 0

260 2870 328 2924 tres
354 2871 430 2924 sunt
448 2857 591 2924 maiores
611 2869 723 2946 partes
749 2880 888 2946 quarum
907 2860 1012 2949 prims
1031 2873 1065 2925 et
1084 2862 1183 2926 tertia
1203 2862 1358 2927 breuiore
1380 2862 1547 2929 uersiculo
1575 2864 1732 2930 finiuntur
1757 2865 1812 2951 qui
1838 2866 1935 2931 etiam
1963 2867 2045 2932 alta-

261 2962 329 3024 rius
349 2961 450 3048 partis
471 2959 623 3025 Medeam
642 2961 760 3025 iratam
781 2960 1001 3027 describentis
1020 2963 1162 3029 mediam
1182 2963 1357 3052 periodum
1377 2966 1458 3032 finit.
1491 3030 1502 3048 ,

1096 3771 1204 3853 V1.

365 3959 521 4026 Breuiter
545 3970 671 4025 tontum
696 3959 850 4025 indicabo
878 3972 992 4027 cetera
1018 3985 1105 4048 quae
1132 3961 1163 4028 in
1190 3961 1237 4028 his
1257 3960 1442 4052 tragoediis
1461 3965 1675 4033 inueniuntur
1695 3979 1876 4036 metrorum
1896 3993 2044 4060 generas

364 4098 379 4162 1
438 4099 619 4163 Trochor'cr‘
633 4105 822 4162 tetrametrr'
837 4096 900 4184 (dc
919 4099 1040 4186 quibus
1061 4099 1127 4165 uid.
1147 4101 1189 4166 B.
1207 4099 1379 4167 Schmidtii
1399 4102 1474 4168 diss.
1495 4126 1525 4191 p.
1540 4107 1586 4170 57
1609 4119 1641 4186 et
1661 4129 1748 4193 quae
1768 4105 1849 4172 dixit
1868 4109 1899 4172 in
1919 4109 1962 4174 M.
1982 4109 2043 4176 Rh.

264 4201 361 4266 1862
381 4225 412 4287 p.
434 4202 507 4266 596
528 4199 624 4289 adn.)
651 4199 796 4268 Phaedr.
821 4204 1020 4268 1202-12
1042 4203 1206 4292 (Thesei)
1227 4204 1316 4271 Oed.
1339 4207 1516 4271 tta—32
1536 4209 1733 4294 (Creontis)
1753 4209 1842 4278 Med.
1865 4214 2039 4278 tto-51

262 4301 457 4390 (Medeae).
514 4303 696 4392 imparibus
716 4305 851 4370 sedibus
871 4304 961 4371 solus
983 4307 1165 4373 tribrachus
1185 4320 1320 4396 praeter
1338 4307 1532 4376 trochaeum
1552 4310 1647 4398 (narn
1667 4312 1754 4378 Med.
1778 4316 1848 4380 743
1870 4317 2044 4404 supplicr'r's

260 4407 366 4472 tribus
393 4404 528 4494 syllabis
556 4407 873 4496 pronunciandum).
929 4408 1054 4476 Thesei
1079 4433 1210 4501 carmen
1236 4435 1253 4476 a
1276 4412 1417 4478 Medeae
1443 4424 1478 4478 et
1496 4414 1651 4480 Creontis
1678 4416 1709 4481 in
1738 4441 1778 4481 eo
1800 4417 1943 4484 discedit
1971 4431 2043 4484 uta

260 4511 363 4597 prima
389 4510 471 4576 sede
499 4510 653 4577 exclusos
682 4513 725 4577 sit
749 4512 934 4578 tribrachus
964 4515 1017 4600 qui
1054 4516 1153 4580 tertio
1186 4529 1220 4580 et
1249 4517 1364 4602 quinto
1397 4515 1472 4581 loco
1506 4529 1558 4582 est
1590 4517 1797 4606 frequentior
1830 4522 1948 4604 (tortio
1982 4523 2042 4600 his,

354 4777 380 4861 ¹)
404 4789 509 4854 practer
524 4784 630 4839 luxorii
654 4801 757 4839 carmen
781 4785 922 4840 obscurum
946 4793 1025 4857 atqua
1041 4795 1191 4861 corruptum
1207 4805 1250 4861 ap.
1263 4789 1356 4860 Meyer
1371 4791 1452 4846 anth.
1472 4808 1500 4846 n.
1516 4786 1594 4847 309:
1619 4793 1686 4850 llaro
1709 4795 1808 4850 decens
1824 4794 1920 4866 capillo
1936 4796 2042 4853 Roseu-

260 4888 310 4941 que
334 4869 407 4924 crine
430 4869 550 4940 ephebus
564 4869 653 4942 Sporlo
669 4865 813 4948 regios(?)
834 4871 958 4926 mitellam
984 4865 1105 4947 Capitis
1125 4871 1195 4930 uelo
1218 4873 1314 4950 cupit.
1360 4875 1479 4941 Oustuor
1500 4884 1585 4934 cutem
1609 4879 1652 4948 qui
1676 4880 1743 4936 hanc
1765 4880 1899 4954 stropham
1919 4897 2040 4954 sequun-

259 4963 300 5010 tur
322 4952 500 5010 anacreontioi
523 4955 593 5027 ploni
616 4961 684 5011 sunt.
